2928 5010
92 539 272 609 Mil-81
562 541 725 598 Bacchides.
1144 548 1202 608 107

532 730 758 817 Chrysalus

822 839 887 906 Res
909 840 1004 905 itest:
1028 839 1092 904 diei
1114 839 1203 906 uolo.

88 945 204 1029 Nescis,
219 947 300 1031 quid
319 969 377 1032 ego
391 955 525 1014 aeturus
539 947 600 1012 sim
612 967 718 1032 neque
730 946 858 1014 facinus
871 954 1029 1032 quantum
1041 947 1203 1014 exordiar.

499 1072 778 1139 Mnesilochus
810 1065 817 1077 ⁸

89 1178 168 1248 Cedo
180 1189 315 1248 manuin
328 1203 367 1247 ec
379 1181 580 1266 subsequere
591 1181 727 1266 propius
738 1201 790 1246 me
803 1180 846 1246 ad
857 1181 947 1246 foris.
970 1180 1061 1248 Intro
1069 1183 1203 1266 inspice.

532 1310 610 1377 Chr
642 1311 757 1377 sulus

85 1420 183 1502 Euex,
199 1423 298 1488 nimis
317 1420 422 1487 bellus
442 1427 541 1504 atque
558 1426 597 1485 ut
614 1334 684 1486 {sse
702 1440 852 1486 maxume
869 1420 1023 1506 optabam
1034 1419 1136 1486 locus.
1154 1439 1203 1491 '721

514 1551 775 1619 Pistoclerus

86 1657 171 1736 Quae
194 1661 215 1742 †
238 1661 443 1745 inperauisti.
487 1661 679 1744 inperatum
700 1659 784 1725 bene
807 1659 901 1727 bunis
924 1657 1047 1725 fectum
1069 1659 1187 1725 ilicost.

529 1789 758 1875 Chrysalus

85 1897 164 1977 Quid
185 1900 338 1985 perusti?

517 2006 776 2072 Pistoclerus

414 2114 503 2193 Quae
527 2135 644 2199 parere
667 2121 704 2180 tu
728 2114 855 2180 iussisti
876 2114 992 2179 omniu.

535 2239 757 2324 Chrysalus
790 2265 793 2272 ⁴

83 2347 166 2434 Cape
190 2349 302 2415 stilum
324 2370 464 2435 propere
487 2355 520 2414 et
542 2349 684 2414 tabelias
706 2353 744 2413 tu
764 2345 824 2412 hes
846 2347 916 2412 tibi.

505 2478 783 2544 Mnesilochus

959 2584 1044 2663 Quid
1067 2587 1203 2671 postea?

533 2693 751 2778 Chrysalus

82 2799 172 2878 Quod
193 2801 326 2882 iubebo,
348 2803 483 2868 scribito
505 2804 594 2884 istic;
617 2823 695 2868 nam
717 2809 893 2888 propterea
915 2807 944 2867 te
965 2800 1041 2867 uolo
1153 2819 1202 2871 '125

81 2908 237 2991 Scribere,
260 2918 298 2976 ut
320 2917 415 3004 peter
437 2919 615 2995 eognoscat
637 2911 777 2992 litteras,
801 2911 932 2994 quando
951 2911 1048 2992 leget.

81 3017 201 3084 Scribe.

504 3125 781 3192 Mnesilochus

255 3234 341 3312 Quid
363 3235 527 3301 scribam?

530 3340 751 3427 Chrysalus

574 3450 721 3516 Salutem
743 3455 801 3515 tuo
824 3450 910 3534 patri
932 3449 1044 3515 uerbis
1066 3451 1141 3515 tuis.

515 3581 773 3647 Pistoclerus

82 3689 166 3768 Quid
189 3692 217 3756 si
239 3693 351 3776 potius
373 3690 528 3756 morbum¹
546 3697 579 3754 et
602 3697 740 3755 mortem
758 3689 902 3755 scribut?
935 3687 973 3754 Id
992 3665 1055 3756 erit
1072 3690 1202 3754 rectius.

506 3820 784 3886 Mnesilochus

80 3928 128 3994 Ne
149 3929 346 3996 interturbe.
370 3965 412 3976 -
433 3930 503 3994 Iam
526 3927 713 4013 inperatum
735 3931 769 3994 in
793 3950 870 3994 cere
891 3931 985 3994 inest.

530 4057 753 4143 Chrysalus

784 4167 853 4246 Dic,
878 4166 1039 4252 quemad
1062 4165 1202 4230 modum.

93 4340 308 4350 -.a—*-

149 4423 201 4476 720
216 4423 288 4479 iores
359 4425 411 4478 724
427 4431 489 4478 tuas
508 4422 559 4476 tibi
630 4425 680 4476 725
698 4427 727 4477 te
745 4437 795 4477 om.
850 4423 902 4478 728
920 4426 949 4476 et
965 4421 1061 4477 osui]
