<?xml version="1.0" encoding="UTF-8"?>
<!DOCTYPE html PUBLIC "-//W3C//DTD XHTML 1.0 Transitional//EN"
    "http://www.w3.org/TR/xhtml1/DTD/xhtml1-transitional.dtd">
<html xmlns="http://www.w3.org/1999/xhtml" xml:lang="en" lang="en">
 <head>
  <title>
</title>
<meta http-equiv="Content-Type" content="text/html;charset=utf-8" />
  <meta name='ocr-system' content='tesseract 3.04.00' />
  <meta name='ocr-capabilities' content='ocr_page ocr_carea ocr_par ocr_line ocrx_word'/>
</head>
<body>
  <div class='ocr_page' id='page_1' title='image "./tmacciiplautico00ussigoog_0124.png"; bbox 0 0 2928 5010; ppageno 0'>
   <div class='ocr_carea' id='block_1_1' title="bbox 91 545 1259 618">
    <p class='ocr_par' dir='ltr' id='par_1_1' title="bbox 91 545 1259 618">
     <span class='ocr_line' id='line_1_1' title="bbox 91 545 1259 618; baseline 0.011 -21"><span class='ocrx_word' id='word_1_1' title='bbox 91 549 269 618; x_wconf 59' lang='lat' dir='ltr'>mad-34</span> <span class='ocrx_word' id='word_1_2' title='bbox 561 545 722 602; x_wconf 76' lang='lat' dir='ltr'>Bacchides.</span> <span class='ocrx_word' id='word_1_3' title='bbox 1131 549 1191 611; x_wconf 82' lang='lat'>103</span> <span class='ocrx_word' id='word_1_4' title='bbox 1258 565 1259 573; x_wconf 58' lang='lat'>¹</span> 
     </span>
    </p>
   </div>
   <div class='ocr_carea' id='block_1_2' title="bbox 151 734 1191 932">
    <p class='ocr_par' dir='ltr' id='par_1_2' title="bbox 151 734 1191 932">
     <span class='ocr_line' id='line_1_2' title="bbox 526 734 747 801; baseline 0 -1"><span class='ocrx_word' id='word_1_5' title='bbox 526 734 605 800; x_wconf 83' lang='lat' dir='ltr'>Chr</span> <span class='ocrx_word' id='word_1_6' title='bbox 638 735 747 801; x_wconf 83' lang='lat' dir='ltr'>salus</span> 
     </span>
     <span class='ocr_line' id='line_1_3' title="bbox 151 757 1191 932; baseline -0.008 -20"><span class='ocrx_word' id='word_1_7' title='bbox 151 847 193 912; x_wconf 77' lang='lat' dir='ltr'>Ac</span> <span class='ocrx_word' id='word_1_8' title='bbox 210 844 343 932; x_wconf 89' lang='lat' dir='ltr'>quidem</span> <span class='ocrx_word' id='word_1_9' title='bbox 360 851 432 911; x_wconf 76' lang='lat' dir='ltr'>‘cute</span> <span class='ocrx_word' id='word_1_10' title='bbox 452 845 580 923; x_wconf 81' lang='lat' dir='ltr'>errasti,</span> <span class='ocrx_word' id='word_1_11' title='bbox 604 757 702 927; x_wconf 69' lang='lat' dir='ltr'>duom</span> <span class='ocrx_word' id='word_1_12' title='bbox 724 863 840 928; x_wconf 87' lang='lat' dir='ltr'>parum</span> <span class='ocrx_word' id='word_1_13' title='bbox 861 840 1010 907; x_wconf 80' lang='lat' dir='ltr'>immersti</span> <span class='ocrx_word' id='word_1_14' title='bbox 1031 839 1191 924; x_wconf 79' lang='lat' dir='ltr'>ampliter.</span> 
     </span>
    </p>
   </div>
   <div class='ocr_carea' id='block_1_3' title="bbox 499 1007 769 1074">
    <p class='ocr_par' dir='ltr' id='par_1_3' title="bbox 499 1007 769 1074">
     <span class='ocr_line' id='line_1_4' title="bbox 499 1007 769 1074; baseline 0 0"><span class='ocrx_word' id='word_1_15' title='bbox 499 1007 769 1074; x_wconf 83' lang='lat' dir='ltr'>Mnesilochus</span> 
     </span>
    </p>
   </div>
   <div class='ocr_carea' id='block_1_4' title="bbox 89 1113 1195 1292">
    <p class='ocr_par' dir='ltr' id='par_1_4' title="bbox 89 1113 1195 1292">
     <span class='ocr_line' id='line_1_5' title="bbox 89 1113 1172 1202; baseline -0.004 -20"><span class='ocrx_word' id='word_1_16' title='bbox 89 1118 138 1185; x_wconf 88' lang='lat' dir='ltr'>Pol</span> <span class='ocrx_word' id='word_1_17' title='bbox 160 1126 195 1186; x_wconf 85' lang='lat' dir='ltr'>tu</span> <span class='ocrx_word' id='word_1_18' title='bbox 217 1139 317 1202; x_wconf 89' lang='lat' dir='ltr'>quam</span> <span class='ocrx_word' id='word_1_19' title='bbox 340 1139 424 1184; x_wconf 87' lang='lat' dir='ltr'>nunc</span> <span class='ocrx_word' id='word_1_20' title='bbox 446 1139 498 1184; x_wconf 88' lang='lat' dir='ltr'>me</span> <span class='ocrx_word' id='word_1_21' title='bbox 521 1137 654 1183; x_wconf 81' lang='lat' dir='ltr'><strong>accuses</strong></span> <span class='ocrx_word' id='word_1_22' title='bbox 682 1115 799 1200; x_wconf 87' lang='lat' dir='ltr'>magis,</span> <span class='ocrx_word' id='word_1_23' title='bbox 834 1115 862 1181; x_wconf 86' lang='lat' dir='ltr'>si</span> <span class='ocrx_word' id='word_1_24' title='bbox 888 1113 992 1198; x_wconf 83' lang='lat' dir='ltr'>magis</span> <span class='ocrx_word' id='word_1_25' title='bbox 1020 1134 1088 1178; x_wconf 89' lang='lat' dir='ltr'>rem</span> <span class='ocrx_word' id='word_1_26' title='bbox 1116 1133 1172 1179; x_wconf 91' lang='lat' dir='ltr'>no·</span> 
     </span>
     <span class='ocr_line' id='line_1_6' title="bbox 787 1239 1195 1292; baseline 0.005 -2"><span class='ocrx_word' id='word_1_27' title='bbox 787 1245 887 1290; x_wconf 83' lang='lat' dir='ltr'>uerrs.</span> <span class='ocrx_word' id='word_1_28' title='bbox 1143 1239 1195 1292; x_wconf 77' lang='lat'>675</span> 
     </span>
    </p>
   </div>
   <div class='ocr_carea' id='block_1_5' title="bbox 89 1355 1115 1548">
    <p class='ocr_par' dir='ltr' id='par_1_5' title="bbox 89 1355 1115 1548">
     <span class='ocr_line' id='line_1_7' title="bbox 525 1355 743 1421; baseline -0.005 0"><span class='ocrx_word' id='word_1_29' title='bbox 525 1355 602 1421; x_wconf 86' lang='lat' dir='ltr'>Chr</span> <span class='ocrx_word' id='word_1_30' title='bbox 635 1355 743 1420; x_wconf 86' lang='lat' dir='ltr'>salus</span> 
     </span>
     <span class='ocr_line' id='line_1_8' title="bbox 89 1378 1115 1548; baseline -0.004 -18"><span class='ocrx_word' id='word_1_31' title='bbox 89 1464 197 1532; x_wconf 79' lang='lat' dir='ltr'>Occidi.</span> <span class='ocrx_word' id='word_1_32' title='bbox 241 1466 377 1532; x_wconf 81' lang='lat' dir='ltr'>Animus</span> <span class='ocrx_word' id='word_1_33' title='bbox 398 1467 465 1530; x_wconf 87' lang='lat' dir='ltr'>iam</span> <span class='ocrx_word' id='word_1_34' title='bbox 487 1466 572 1530; x_wconf 81' lang='lat' dir='ltr'>istoc</span> <span class='ocrx_word' id='word_1_35' title='bbox 596 1378 682 1530; x_wconf 75' lang='lat' dir='ltr'>dicto</span> <span class='ocrx_word' id='word_1_36' title='bbox 706 1463 780 1548; x_wconf 85' lang='lat' dir='ltr'>plus</span> <span class='ocrx_word' id='word_1_37' title='bbox 802 1464 1009 1548; x_wconf 81' lang='lat' dir='ltr'>praesagitur</span> <span class='ocrx_word' id='word_1_38' title='bbox 1030 1461 1115 1528; x_wconf 85' lang='lat' dir='ltr'>meli.</span> 
     </span>
    </p>
   </div>
   <div class='ocr_carea' id='block_1_6' title="bbox 88 1627 777 2055">
    <p class='ocr_par' dir='ltr' id='par_1_6' title="bbox 88 1627 777 2055">
     <span class='ocr_line' id='line_1_9' title="bbox 499 1627 777 1698; baseline -0.004 -4"><span class='ocrx_word' id='word_1_39' title='bbox 499 1627 777 1698; x_wconf 80' lang='lat' dir='ltr'>Mnesilochus</span> 
     </span>
     <span class='ocr_line' id='line_1_10' title="bbox 88 1739 173 1806; baseline 0.012 -3"><span class='ocrx_word' id='word_1_40' title='bbox 88 1739 173 1806; x_wconf 87' lang='lat' dir='ltr'>Perii.</span> 
     </span>
     <span class='ocr_line' id='line_1_11' title="bbox 526 1865 746 1952; baseline -0.005 -20"><span class='ocrx_word' id='word_1_41' title='bbox 526 1865 746 1952; x_wconf 83' lang='lat' dir='ltr'>Chrysalus</span> 
     </span>
     <span class='ocr_line' id='line_1_12' title="bbox 219 1977 395 2055; baseline -0.011 -13"><span class='ocrx_word' id='word_1_42' title='bbox 219 1977 306 2055; x_wconf 82' lang='lat' dir='ltr'>Quid</span> <span class='ocrx_word' id='word_1_43' title='bbox 327 1977 395 2043; x_wconf 75' lang='lat' dir='ltr'>ita?</span> 
     </span>
    </p>
   </div>
   <div class='ocr_carea' id='block_1_7' title="bbox 356 2122 1172 2316">
    <p class='ocr_par' dir='ltr' id='par_1_7' title="bbox 356 2122 1172 2316">
     <span class='ocr_line' id='line_1_13' title="bbox 499 2122 775 2216; baseline -0.011 -27"><span class='ocrx_word' id='word_1_44' title='bbox 499 2122 775 2216; x_wconf 84' lang='lat' dir='ltr'>Mnesilochus</span> 
     </span>
     <span class='ocr_line' id='line_1_14' title="bbox 356 2226 1172 2316; baseline -0.01 -17"><span class='ocrx_word' id='word_1_45' title='bbox 356 2281 357 2288; x_wconf 37' lang='lat'>1</span> <span class='ocrx_word' id='word_1_46' title='bbox 436 2232 519 2310; x_wconf 78' lang='lat' dir='ltr'>Quia</span> <span class='ocrx_word' id='word_1_47' title='bbox 542 2233 630 2316; x_wconf 77' lang='lat' dir='ltr'>patri</span> <span class='ocrx_word' id='word_1_48' title='bbox 653 2251 746 2296; x_wconf 88' lang='lat' dir='ltr'>omne</span> <span class='ocrx_word' id='word_1_49' title='bbox 770 2251 843 2294; x_wconf 88' lang='lat' dir='ltr'>cum</span> <span class='ocrx_word' id='word_1_50' title='bbox 864 2233 1012 2296; x_wconf 71' lang='lat' dir='ltr'>ramento</span> <span class='ocrx_word' id='word_1_51' title='bbox 1034 2226 1172 2294; x_wconf 90' lang='lat' dir='ltr'>reddidi.</span> 
     </span>
    </p>
   </div>
   <div class='ocr_carea' id='block_1_8' title="bbox 88 2389 778 2800">
    <p class='ocr_par' dir='ltr' id='par_1_8' title="bbox 88 2389 778 2800">
     <span class='ocr_line' id='line_1_15' title="bbox 528 2389 745 2476; baseline 0 -20"><span class='ocrx_word' id='word_1_52' title='bbox 528 2389 745 2476; x_wconf 79' lang='lat' dir='ltr'>Chrysalus</span> 
     </span>
     <span class='ocr_line' id='line_1_16' title="bbox 88 2500 281 2569; baseline -0.005 -2"><span class='ocrx_word' id='word_1_53' title='bbox 88 2500 281 2569; x_wconf 81' lang='lat' dir='ltr'>Reddidisti?</span> 
     </span>
     <span class='ocr_line' id='line_1_17' title="bbox 500 2623 778 2690; baseline -0.004 0"><span class='ocrx_word' id='word_1_54' title='bbox 500 2623 778 2690; x_wconf 88' lang='lat' dir='ltr'>Mnesilochus</span> 
     </span>
     <span class='ocr_line' id='line_1_18' title="bbox 322 2733 471 2800; baseline -0.027 0"><span class='ocrx_word' id='word_1_55' title='bbox 322 2733 471 2800; x_wconf 86' lang='lat' dir='ltr'>Reddidi.</span> 
     </span>
    </p>
   </div>
   <div class='ocr_carea' id='block_1_9' title="bbox 506 2848 745 3037">
    <p class='ocr_par' dir='ltr' id='par_1_9' title="bbox 506 2848 745 3037">
     <span class='ocr_line' id='line_1_19' title="bbox 524 2848 745 2947; baseline -0.005 -18"><span class='ocrx_word' id='word_1_56' title='bbox 524 2848 745 2947; x_wconf 76' lang='lat' dir='ltr'>Chrysalda</span> 
     </span>
     <span class='ocr_line' id='line_1_20' title="bbox 506 2971 674 3037; baseline -0.006 0"><span class='ocrx_word' id='word_1_57' title='bbox 506 2971 674 3037; x_wconf 79' lang='lat' dir='ltr'>Omnene?</span> 
     </span>
    </p>
   </div>
   <div class='ocr_carea' id='block_1_10' title="bbox 495 3112 843 3305">
    <p class='ocr_par' dir='ltr' id='par_1_10' title="bbox 495 3112 843 3305">
     <span class='ocr_line' id='line_1_21' title="bbox 495 3112 777 3179; baseline -0.004 -1"><span class='ocrx_word' id='word_1_58' title='bbox 495 3112 777 3179; x_wconf 85' lang='lat' dir='ltr'>Mnesilochus</span> 
     </span>
     <span class='ocr_line' id='line_1_22' title="bbox 704 3219 843 3305; baseline 0 -21"><span class='ocrx_word' id='word_1_59' title='bbox 704 3219 843 3305; x_wconf 89' lang='lat' dir='ltr'>Oppido.</span> 
     </span>
    </p>
   </div>
   <div class='ocr_carea' id='block_1_11' title="bbox 472 3361 744 3471">
    <p class='ocr_par' dir='ltr' id='par_1_11' title="bbox 472 3361 744 3471">
     <span class='ocr_line' id='line_1_23' title="bbox 472 3361 744 3471; baseline 0.004 -44"><span class='ocrx_word' id='word_1_60' title='bbox 472 3463 476 3471; x_wconf 25' lang='grc' dir='ltr'><strong><em>ι</em></strong></span> <span class='ocrx_word' id='word_1_61' title='bbox 527 3361 744 3447; x_wconf 77' lang='lat' dir='ltr'>Chrysalus</span> 
     </span>
    </p>
   </div>
   <div class='ocr_carea' id='block_1_12' title="bbox 90 3468 1196 3654">
    <p class='ocr_par' dir='ltr' id='par_1_12' title="bbox 90 3468 1196 3654">
     <span class='ocr_line' id='line_1_24' title="bbox 887 3468 1135 3535; baseline -0.008 0"><span class='ocrx_word' id='word_1_62' title='bbox 887 3468 992 3535; x_wconf 84' lang='lat' dir='ltr'>Occisi</span> <span class='ocrx_word' id='word_1_63' title='bbox 1014 3490 1135 3534; x_wconf 83' lang='lat' dir='ltr'>sumus.</span> 
     </span>
     <span class='ocr_line' id='line_1_25' title="bbox 90 3575 1196 3654; baseline -0.002 -10"><span class='ocrx_word' id='word_1_64' title='bbox 90 3575 143 3654; x_wconf 79' lang='lat' dir='ltr'>Qui</span> <span class='ocrx_word' id='word_1_65' title='bbox 164 3583 196 3645; x_wconf 89' lang='lat' dir='ltr'>in</span> <span class='ocrx_word' id='word_1_66' title='bbox 217 3585 359 3645; x_wconf 83' lang='lat' dir='ltr'>mentem</span> <span class='ocrx_word' id='word_1_67' title='bbox 381 3581 471 3644; x_wconf 85' lang='lat' dir='ltr'>uenit</span> <span class='ocrx_word' id='word_1_68' title='bbox 493 3577 554 3643; x_wconf 83' lang='lat' dir='ltr'>tibi</span> <span class='ocrx_word' id='word_1_69' title='bbox 576 3581 662 3646; x_wconf 77' lang='lat' dir='ltr'>istuc</span> <span class='ocrx_word' id='word_1_70' title='bbox 685 3579 810 3645; x_wconf 86' lang='lat' dir='ltr'>facinus</span> <span class='ocrx_word' id='word_1_71' title='bbox 832 3577 940 3644; x_wconf 86' lang='lat' dir='ltr'>facere</span> <span class='ocrx_word' id='word_1_72' title='bbox 962 3585 1031 3644; x_wconf 81' lang='lat' dir='ltr'>tam</span> <span class='ocrx_word' id='word_1_73' title='bbox 1053 3579 1196 3644; x_wconf 83' lang='lat' dir='ltr'>malum?</span> 
     </span>
    </p>
   </div>
   <div class='ocr_carea' id='block_1_13' title="bbox 88 3738 1196 4144">
    <p class='ocr_par' dir='ltr' id='par_1_13' title="bbox 88 3738 1196 4144">
     <span class='ocr_line' id='line_1_26' title="bbox 500 3738 778 3804; baseline 0.007 -2"><span class='ocrx_word' id='word_1_74' title='bbox 500 3738 778 3804; x_wconf 78' lang='lat' dir='ltr'>Mnesilochus</span> 
     </span>
     <span class='ocr_line' id='line_1_27' title="bbox 89 3843 1195 3932; baseline 0.003 -24"><span class='ocrx_word' id='word_1_75' title='bbox 89 3843 272 3913; x_wconf 80' lang='lat' dir='ltr'>Bacchidem</span> <span class='ocrx_word' id='word_1_76' title='bbox 300 3853 402 3931; x_wconf 79' lang='lat' dir='ltr'>atque</span> <span class='ocrx_word' id='word_1_77' title='bbox 429 3846 515 3912; x_wconf 88' lang='lat' dir='ltr'>hunc</span> <span class='ocrx_word' id='word_1_78' title='bbox 543 3847 736 3931; x_wconf 78' lang='lat' dir='ltr'>suspicabar</span> <span class='ocrx_word' id='word_1_79' title='bbox 763 3853 897 3932; x_wconf 75' lang='lat' dir='ltr'>propter</span> <span class='ocrx_word' id='word_1_80' title='bbox 925 3848 1060 3926; x_wconf 86' lang='lat' dir='ltr'>crimen,</span> <span class='ocrx_word' id='word_1_81' title='bbox 1095 3845 1195 3931; x_wconf 84' lang='lat' dir='ltr'>Chry·</span> 
     </span>
     <span class='ocr_line' id='line_1_28' title="bbox 790 3955 1196 4036; baseline 0.015 -16"><span class='ocrx_word' id='word_1_82' title='bbox 790 3955 868 4036; x_wconf 80' lang='lat' dir='ltr'>sale,</span> <span class='ocrx_word' id='word_1_83' title='bbox 1145 3973 1196 4026; x_wconf 83' lang='lat'>680</span> 
     </span>
     <span class='ocr_line' id='line_1_29' title="bbox 88 4057 1195 4144; baseline 0.005 -22"><span class='ocrx_word' id='word_1_84' title='bbox 88 4057 219 4129; x_wconf 86' lang='lat' dir='ltr'>Mimale</span> <span class='ocrx_word' id='word_1_85' title='bbox 232 4062 451 4144; x_wconf 80' lang='lat' dir='ltr'>consuluiere;</span> <span class='ocrx_word' id='word_1_86' title='bbox 476 4061 517 4127; x_wconf 92' lang='lat' dir='ltr'>ob</span> <span class='ocrx_word' id='word_1_87' title='bbox 536 4083 607 4127; x_wconf 88' lang='lat' dir='ltr'>eam</span> <span class='ocrx_word' id='word_1_88' title='bbox 624 4084 693 4128; x_wconf 90' lang='lat' dir='ltr'>rem</span> <span class='ocrx_word' id='word_1_89' title='bbox 712 4084 806 4128; x_wconf 89' lang='lat' dir='ltr'>omne</span> <span class='ocrx_word' id='word_1_90' title='bbox 824 4084 939 4129; x_wconf 88' lang='lat' dir='ltr'>aurum</span> <span class='ocrx_word' id='word_1_91' title='bbox 955 4065 1057 4129; x_wconf 80' lang='lat' dir='ltr'>iratus</span> <span class='ocrx_word' id='word_1_92' title='bbox 1068 4063 1195 4129; x_wconf 91' lang='lat' dir='ltr'>reddidi</span> 
     </span>
    </p>
   </div>
   <div class='ocr_carea' id='block_1_14' title="bbox 88 4165 270 4256">
    <p class='ocr_par' dir='ltr' id='par_1_14' title="bbox 88 4165 270 4256">
     <span class='ocr_line' id='line_1_30' title="bbox 88 4165 270 4256; baseline 0.022 -22"><span class='ocrx_word' id='word_1_93' title='bbox 88 4165 154 4235; x_wconf 84' lang='lat' dir='ltr'>Meo</span> <span class='ocrx_word' id='word_1_94' title='bbox 176 4174 270 4256; x_wconf 80' lang='lat' dir='ltr'>patri.</span> 
     </span>
    </p>
   </div>
   <div class='ocr_carea' id='block_1_15' title="bbox 149 4425 534 4488">
    <p class='ocr_par' dir='ltr' id='par_1_15' title="bbox 149 4425 534 4488">
     <span class='ocr_line' id='line_1_31' title="bbox 149 4425 534 4488; baseline 0.005 -9"><span class='ocrx_word' id='word_1_95' title='bbox 149 4425 194 4479; x_wconf 79' lang='grc'>681</span> <span class='ocrx_word' id='word_1_96' title='bbox 212 4425 285 4481; x_wconf 75' lang='lat' dir='ltr'>Male</span> <span class='ocrx_word' id='word_1_97' title='bbox 302 4425 338 4488; x_wconf 89' lang='lat' dir='ltr'>B,</span> <span class='ocrx_word' id='word_1_98' title='bbox 356 4425 402 4479; x_wconf 86' lang='lat' dir='ltr'>Me</span> <span class='ocrx_word' id='word_1_99' title='bbox 418 4426 492 4480; x_wconf 83' lang='lat' dir='ltr'>male</span> <span class='ocrx_word' id='word_1_100' title='bbox 511 4425 534 4481; x_wconf 83' lang='lat' dir='ltr'><strong><em>G</em></strong></span> 
     </span>
    </p>
   </div>
   <div class='ocr_carea' id='block_1_16' title="bbox 0 0 1468 5010">
    <p class='ocr_par' dir='ltr' id='par_1_16' title="bbox 0 0 1468 5010">
     <span class='ocr_line' id='line_1_32' title="bbox 0 0 1468 5010; baseline 0 3"><span class='ocrx_word' id='word_1_101' title='bbox 0 0 1468 5010; x_wconf 95' lang='lat' dir='ltr'> </span> 
     </span>
    </p>
   </div>
  </div>
 </body>
</html>
