2956 5010
578 483 610 538 v.
629 487 738 540 rc-oa
1166 491 1226 552 535

100 679 289 738 multibibam
317 683 409 757 atquc
438 679 619 739 merobibam
650 681 829 758 appellatam
853 685 1014 738 censentes.
1059 678 1104 738 Fl.
1128 687 1227 739 autem

100 781 181 858 qaod
207 777 425 856 „merobibaet“
451 782 569 855 scribit,
600 803 635 841 eo
658 803 716 841 non
739 801 813 861 opus
837 789 895 853 cet,
927 786 952 840 ai
976 785 1123 840 sententia
1145 789 1227 842 recte

102 885 335 960 interpungitur.
365 913 407 924 --
438 887 488 944 78.
524 883 630 962 quasi,
661 887 698 944 cf.
722 885 807 963 Gapt.
832 887 903 944 285.
954 879 1096 961 lagoena,
1131 891 1165 943 ut
1191 885 1225 958 B,

98 1003 174 1044 vara
195 989 276 1045 vocis
305 985 402 1044 forma
431 993 490 1060 cat,
515 981 631 1047 Latinis
652 1007 708 1064 pro
729 1012 746 1044 v
769 989 859 1061 longo
888 1007 923 1046 oe
945 987 1136 1064 ponentibus,
1157 981 1225 1046 ham

99 1087 203 1148 Graece
221 1091 336 1165 λάγυνος
355 1095 416 1162 cet3
439 1088 507 1147 inde
530 1096 635 1167 postca
652 1089 762 1148 factum
781 1091 890 1166 lagona
906 1095 937 1148 et
953 1091 1067 1164 lagana,
1091 1109 1119 1148 v.
1137 1090 1225 1150 Jahn.

99 1196 129 1251 in
142 1192 272 1251 Bericht.
285 1191 314 1249 d.
328 1191 427 1250 Sticho.
438 1191 599 1252 Geecllaoh.
613 1194 703 1265 1857,
715 1211 744 1268 p.
756 1195 816 1252 204
829 1183 873 1270 aq.
909 1192 1048 1252 Formam
1062 1196 1141 1251 varia
1153 1195 1226 1251 ima-

101 1297 170 1371 gine
189 1313 358 1372 expressam
376 1293 479 1353 videar
496 1295 569 1354 ibid.
582 1313 611 1370 p.
628 1297 697 1354 197.
727 1295 827 1353 Rcvne
848 1295 975 1354 aroheol.
987 1293 1046 1354 XII
1057 1317 1086 1372 p.
1103 1295 1172 1355 175.
1184 1325 1227 1336 —

105 1392 218 1458 Chium
235 1397 273 1454 ad
290 1396 406 1455 Latina
423 1397 532 1471 linguae
551 1400 698 1456 rationem
709 1399 912 1475 paenultimam
924 1399 1055 1475 corripit,
1067 1419 1095 1456 v.
1108 1396 1225 1476 Proleg.

99 1521 129 1577 p.
150 1501 222 1559 909.
262 1498 339 1557 Edd.
358 1503 571 1577 transponunt:
604 1501 700 1575 „colet
724 1497 865 1572 Chium“;
894 1519 948 1559 nec
964 1500 1028 1560 cod.
1052 1500 1226 1559 hievernus

101 1604 251 1674 observat,
274 1601 328 1658 aad
349 1603 482 1679 priorem
504 1605 536 1660 in
554 1617 631 1676 esse,
656 1603 782 1662 altarum
805 1605 837 1662 in
854 1602 929 1664 aino
946 1603 1095 1662 terminat.
1114 1633 1157 1643 —
1175 1604 1224 1662 80.

101 1705 212 1764 Verane
225 1704 381 1762 claudicat.
415 1702 460 1763 Fl.
476 1703 617 1778 „haece“;
641 1705 768 1783 improb.
787 1705 929 1766 Schmidt.
941 1725 1026 1784 pron.
1042 1705 1118 1764 dem.
1131 1725 1161 1783 p.
1176 1708 1224 1776 23,

99 1809 152 1886 qui
163 1806 275 1883 probat
285 1805 385 1864 Bothii
397 1807 473 1865 coni.
511 1806 581 1881 „ubi
593 1805 775 1884 extemplo“;
794 1808 846 1866 aed
863 1810 954 1866 etiam
969 1810 1134 1884 „extemplo
1152 1804 1223 1867 ubi“

101 1912 230 1970 inveniri
257 1907 363 1967 Bacch.
397 1909 457 1967 972
492 1909 703 1970 animadvertit
736 1909 866 1970 Studem.
896 1911 1004 1970 Annal.
1032 1909 1106 1988 phil.
1144 1912 1224 1971 1878

99 2035 129 2092 p.
145 2015 196 2086 64,
219 2030 278 2090 qno
296 2015 416 2070 auctore
431 2007 522 2087 „ego“
538 2011 649 2071 addidi.
661 2041 705 2052 —
722 2015 772 2073 82.
796 2029 865 2074 cum
880 2011 952 2072 vino
969 2007 1066 2087 simut,
1089 2013 1125 2072 cf.
1144 2013 1224 2073 Pare.

101 2120 183 2178 266:
209 2114 355 2188 „salinum
378 2133 443 2172 cum
466 2112 558 2173 eale“.
582 2143 623 2155 -
647 2117 697 2175 88.
721 2112 777 2176 ista·
798 2111 881 2176 bunc
901 2115 990 2174 Both.
1014 2135 1085 2188 em.;
1115 2110 1223 2190 adflio—
1303 2163 1306 2170 .

102 2221 184 2292 tum,
209 2217 246 2276 ad
268 2222 378 2275 terram
401 2217 518 2290 datum,
548 2217 583 2276 cf.
608 2217 675 2276 Aul.
700 2219 770 2288 624.
823 2218 944 2278 auditur
969 2215 1085 2292 „eum“.
1108 2247 1150 2258 -
1174 2220 1223 2277 84.

98 2319 182 2400 fem'
202 2320 266 2393 Fl.;
289 2319 377 2378 Both.
400 2319 511 2391 „Nobis
533 2319 645 2378 adferri
668 2318 755 2394 ego“.
776 2349 812 2360 —
839 2321 888 2380 86.
912 2319 981 2380 Non
999 2321 1093 2397 magia
1110 2321 1224 2379 Leaenre

100 2431 204 2486 vinum
234 2421 458 2500 superfuturum
487 2441 552 2480 eece
575 2421 660 2494 dicit,
695 2442 784 2500 quam
813 2427 888 2482 meri
917 2422 1077 2482 fluviorum
1107 2443 1223 2501 aquam.

98 2561 142 2571 =-
174 2529 224 2587 89.
253 2520 390 2585 uolentes
405 2519 584 2600 propitiae,
619 2526 654 2583 cf.
679 2524 743 2585 (lat.
766 2525 802 2586 R.
825 2525 860 2584 B.
888 2527 962 2584 141:
1001 2527 1100 2598 „Mare
1128 2532 1223 2605 pater,

99 2639 131 2692 te
152 2647 261 2710 precor
283 2643 460 2704 quaeroque,
484 2627 530 2686 uti
552 2628 610 2688 eice
631 2629 737 2686 nolens
754 2629 903 2706 propitius
920 2629 992 2686 mihi
1011 2629 1099 2688 domo
1116 2630 1223 2688 famili·

100 2753 195 2811 aeque
229 2725 379 2789 nostrae“.
407 2761 448 2769 —
483 2732 532 2789 90.
567 2731 725 2788 Palinurus
753 2731 951 2804 iocabundus,
987 2751 1077 2808 quum
1111 2731 1224 2790 foribus

99 2841 202 2896 vinum
228 2833 322 2902 detur,
346 2834 436 2891 etiam
455 2827 651 2908 pulpameati
672 2834 787 2909 aliquid
809 2833 939 2892 dandam
962 2853 1025 2892 essa
1049 2834 1135 2907 dicit,
1165 2854 1224 2911 quo

99 2941 223 3000 suavius
252 2941 282 2993 et
309 2935 425 2992 facilius
455 2934 572 3007 bibant,
606 2936 642 2992 cl.
666 2935 758 2994 Stich.
783 2936 859 2995 ⁷09:
905 2935 1032 3008 „Uinum
1060 2941 1094 2994 tu
1123 2935 1222 2996 habea.

100 3042 158 3102 SA.
182 3039 278 3098 Nimia
300 3038 408 3096 uellem
431 3035 546 3114 aliquid
562 3035 780 3114 palpamenti“.
815 3037 879 3096 Mil.
894 3038 969 3096 654:
996 3038 1120 3115 „Neque
1138 3059 1223 3116 prae-

99 3145 179 3222 ripio
213 3139 439 3218 pulpamentum
469 3159 564 3217 nequa
592 3125 753 3216 praeuorto
787 3138 956 3217 poculum“.
1007 3139 1113 3198 Pseud.
1145 3143 1222 3200 952:

103 3249 204 3322 „inter
231 3242 338 3320 pocula
364 3239 595 3320 pulpamentie“.
639 3242 707 3301 Ter.
730 3242 805 3302 Eun.
830 3245 906 3302 426:
944 3242 1062 3319 „Lepus
1088 3248 1154 3300 tute
1182 3263 1222 3310 ea,

99 3349 265 3426 palpamen
287 3341 439 3421 quaerie!“
475 3343 526 3402 ubi
553 3345 642 3422 vulgo
672 3344 827 3404 scribitur:
864 3345 915 3417 „L.
939 3351 961 3405 t.
985 3365 1016 3404 ea
1038 3351 1068 3404 ct
1089 3347 1223 3423 pulmen-

98 3456 165 3508 tum
189 3445 249 3526 q.“,
273 3447 351 3505 siout
372 3445 420 3504 hic
443 3467 561 3525 quoque
583 3447 669 3508 Both.
694 3447 739 3507 Fl·
766 3443 999 3525 ‚‚Pulmentum“.
1043 3449 1131 3522 Male,
1155 3467 1222 3508 narn

100 3553 289 3630 pulmentum
313 3569 330 3606 a
351 3549 437 3626 pulte
466 3549 588 3622 dicitnr,
622 3551 848 3628 pulpamentum
876 3551 1017 3628 apnlpa.
1072 3551 1137 3611 Hoc
1159 3552 1223 3611 loco

99 3657 185 3732 priua
206 3652 262 3712 aul
278 3651 435 3710 delendum
459 3657 513 3710 cst.
551 3651 664 3724 Quarit
680 3653 848 3725 Palinurus,
872 3673 942 3712 num
965 3653 1059 3712 olivae
1081 3659 1133 3712 aut
1155 3675 1223 3733 cap·

99 3761 200 3835 parim
222 3773 277 3833 pro
299 3736 498 3832 pulpamenta
516 3755 600 3814 velit.
624 3785 665 3795 —
693 3759 743 3816 92.
768 3770 847 3834 quae
869 3756 900 3815 le
919 3771 972 3816 res
995 3751 1136 3834 opiloni?
1159 3759 1178 3817 i.
1197 3777 1222 3816 e.

100 3877 168 3937 quae
184 3857 307 3926 insania,
332 3856 460 3916 othlon.
475 3857 550 3915 697:
578 3857 677 3931 „Quae
699 3879 747 3918 ree
768 3865 799 3918 to
821 3861 926 3935 agitat,
949 3854 1096 3917 mulier?“
1130 3859 1221 3918 hiero.

104 3963 181 4020 133:
213 3957 728 4036 γ,9888888818888883νὶ8888“
772 3962 839 4022 Δ81.
854 3963 924 4021 898.
964 3960 1049 4038 Capt.
1064 3963 1134 4019 591.
1169 3961 1223 4020 Hie

100 4063 191 4122 dictio
214 4063 317 4120 heram
339 4061 513 4137 prehendit,
537 4066 571 4119 ut
592 4061 763 4140 prohibeat,
794 4085 832 4123 na
855 4065 1026 4123 effundatur
1047 4063 1158 4122 vinum.
1183 4093 1224 4102 -

102 4159 194 4238 Sine,
229 4165 333 4223 omitte
356 4183 411 4236 me,
439 4183 467 4222 v.
492 4163 529 4222 ad
551 4159 652 4222 hclul.
677 4167 747 4224 417.
782 4195 825 4206 —
864 4160 966 4228 Uidea
988 4171 1059 4227 cett.
1084 4163 1169 4224 codd.
1194 4171 1224 4224 et

101 4267 170 4326 edd.
193 4267 292 4343 vulgo.
327 4265 372 4324 Fl.
395 4268 433 4325 at
453 4266 574 4339 delevit,
599 4269 648 4326 vix
671 4274 768 4341 recte;
791 4268 932 4327 laudatur
954 4271 1032 4327 enirn
1055 4271 1122 4347 ipsa
1143 4271 1223 4327 ratio

99 4389 161 4446 qua
189 4372 364 4447 aperiuntur
391 4369 483 4442 fores,
517 4373 616 4428 tacita
644 4376 674 4428 et
703 4371 778 4428 nihil
806 4374 986 4430 muttientca.
1030 4371 1133 4430 Malim
1157 4391 1224 4430 cum
