2932 5010
572 491 604 546 V·
623 493 765 548 ece—275.
1168 494 1228 556 301

111 682 178 742 cede
200 702 251 742 cos
274 684 437 744 conducere
460 685 609 760 solebant,
642 691 677 746 ut
704 687 735 744 in
763 686 818 746 hac
840 685 955 759 fabula,
987 689 1017 746 in
1040 685 1231 758 Curculione,

110 785 284 858 Mercatore,
308 787 472 860 Pseudolc;
507 789 544 848 cf.
567 789 693 866 Aristip.
717 809 765 867 ap.
789 787 876 864 Diog.
901 787 1001 848 Laert.
1025 788 1069 861 11,
1094 790 1148 846 72;
1184 788 1229 844 καὶ

108 891 159 966 γὰρ
181 891 245 946 ὅταν
267 889 377 948 deinum
404 890 473 963 ἔχω,
509 894 640 968 μάγειρον
660 894 827 966 μισθοῦμαι.
872 890 978 950 Pollux
1000 889 1057 964 IX,
1087 891 1142 962 48,
1177 891 1228 967 qui

107 997 258 1069 μομιιρεῐον
280 999 489 1052 commemorat
510 995 596 1053 τόπον
618 996 686 1052 ὅθεν
707 995 874 1069 μισθοῦνται
891 996 952 1060 τοὺς
970 997 1125 1070 μαγείρους,
1147 991 1228 1071 quod

107 1094 228 1154 Plautus
251 1093 358 1154 Pseud.
383 1097 444 1156 790
469 1100 645 1176 „coquinam
674 1093 790 1156 scrum“
817 1096 963 1174 appellat,
994 1095 1108 1156 Plinius
1134 1095 1167 1154 ll.
1190 1093 1226 1154 N.

107 1196 212 1270 XVIII,
240 1199 289 1270 11,
315 1199 374 1256 loe
402 1197 606 1270 „macellum“.
642 1199 699 1260 Sed
721 1200 753 1259 hi
776 1218 903 1276 quoquc,
928 1198 979 1274 qui
1002 1197 1137 1257 mercede
1161 1217 1236 1256 con--

108 1299 306 1372 ducebantur,
339 1319 401 1360 non
427 1319 496 1360 raro
524 1303 603 1360 servi
631 1307 716 1360 erant
744 1323 762 1360 a
791 1301 918 1360 dominia
941 1300 980 1360 ad
1002 1300 1063 1360 tale
1086 1319 1161 1378 opus
1184 1299 1227 1357 f·

106 1403 238 1462 ciendum
263 1403 368 1475 locati,
392 1403 452 1462 vid.
474 1403 555 1463 infra
578 1405 649 1464 302.
693 1403 825 1482 Posidip.
849 1423 896 1481 ep.
920 1403 1029 1462 Athen.
1052 1423 1083 1481 p.
1108 1403 1168 1462 659
1192 1401 1227 1460 d:

105 1506 157 1562 κοτ’
181 1506 287 1582 ἀγορὰν
308 1507 468 1584 ἐργάζομαι,
489 1507 616 1584 'Ereptum
637 1508 692 1584 γάρ
715 1530 752 1574 τις
775 1506 921 1581 ὁμότεχνός
941 1527 975 1581 με
993 1507 1132 1582 γνώριμος.
1166 1504 1227 1564 Neo

104 1627 181 1682 sane,
205 1611 231 1668 si
255 1611 376 1683 ingenia
398 1627 559 1686 coquorum
582 1611 612 1668 iu
636 1611 785 1670 comoediis
808 1614 990 1687 spectamus,
1015 1629 1033 1667 a
1055 1610 1147 1668 servis
1170 1607 1227 1666 dil·

104 1710 179 1769 ferre
190 1711 342 1770 videntur.
377 1710 506 1770 Furaces
518 1711 638 1788 quidem
657 1717 688 1772 et
704 1711 861 1772 mendaces
878 1726 994 1790 semper
1010 1711 1226 1789 producuntur,

105 1813 225 1886 gloriosi
255 1819 404 1890 praeterea
426 1818 456 1872 st
478 1814 654 1874 scurrilibus
682 1815 756 1874 iocis
784 1815 864 1874 ultra
896 1813 1017 1874 modum
1051 1812 1225 1888 gaudentes.

103 1913 185 1973 Talia
203 1917 353 1992 σκώμματα
365 1919 529 1974 Maecenati
545 1917 696 1995 appellata
712 1937 777 1976 esse
789 1916 951 1976 Athenaeus
968 1915 1062 1974 tradit
1080 1935 1110 1992 p.
1125 1916 1184 1973 659
1197 1914 1226 1974 b.

102 2046 143 2058 -
165 2018 253 2090 Quod
282 2024 380 2078 autem
409 2017 483 2080 dnos
512 2039 623 2096 coquos
645 2019 826 2096 Megadorus
855 2019 1013 2091 conduxit,
1048 2019 1079 2076 in
1111 2019 1226 2094 nuptiis

103 2119 183 2178 laute
207 2120 408 2199 epulabantur
430 2127 461 2180 et
480 2121 510 2180 in
528 2121 760 2199 sponsiaedibue
778 2123 856 2180 etin
875 2140 1000 2200 sponsa,
1024 2118 1084 2178 vid.
1104 2119 1227 2178 Terent.

102 2223 193 2284 Andr.
216 2226 278 2284 360
297 2243 373 2302 sqq,
397 2223 592 2298 Megadorum
615 2230 714 2282 autem
736 2225 872 2284 novimus
893 2229 1054 2300 utromque
1077 2241 1203 2281 curasse.

186 2329 260 2386 272.
295 2321 477 2402 opsonatu,
511 2327 609 2386 activa
635 2326 743 2400 forma,
774 2326 809 2386 of.
833 2325 938 2385 Bacch.
965 2325 1040 2398 141,
1075 2323 1225 2400 deponens

100 2430 178 2488 infra
196 2431 258 2489 287
284 2435 315 2488 et
336 2427 416 2488 alibi.
440 2457 482 2468 -·
505 2430 576 2487 273.
612 2424 699 2504 apud
718 2426 839 2507 sorum,
863 2426 923 2486 vid.
954 2426 993 2486 ed
1021 2425 1128 2504 Amph.
1154 2427 1224 2484 593.

99 2559 141 2570 ·-
169 2533 241 2590 274.
273 2529 369 2602 Quum
398 2532 429 2590 in
456 2531 514 2590 boo
538 2549 628 2590 versu
651 2530 688 2590 de
712 2531 776 2590 solo
800 2531 924 2607 opsonio
948 2527 1108 2590 dividendo
1131 2545 1237 2586 sermo-

101 2634 152 2706 sit,
190 2653 227 2692 ex
262 2651 403 2709 responso
437 2639 536 2693 autem
569 2638 714 2712 appareat
748 2634 838 2692 etism
875 2649 985 2710 coquos
1023 2635 1054 2690 et
1085 2629 1227 2688 tibicines

100 2739 345 2794 commemoratos
378 2736 486 2808 fuisse,
521 2739 556 2794 ut
584 2755 612 2794 v.
637 2737 713 2808 284,
747 2734 900 2795 Acidaliae
933 2753 1050 2794 versum
1083 2731 1226 2791 excidisse

99 2840 224 2914 putavit,
261 2857 386 2914 eumque
413 2838 500 2896 multi
528 2839 621 2898 secuti
643 2843 727 2911 sunt;
761 2837 887 2897 Guietus
910 2857 964 2915 pro
992 2831 1042 2896 bic
1075 2841 1123 2909 ,et
1150 2830 1221 2892 bos“

102 2943 231 3018 scripsit,
256 2939 395 3018 illepide;
420 2939 567 3017 equidem,
591 2940 616 2998 ei
629 2940 759 3014 ⁸sortiter
782 2941 932 3014 corrigere
954 2940 1067 3010 liceret,
1090 2955 1146 3013 pro
1170 2951 1223 3010 op-

98 3039 219 3102 sonium
248 3037 298 3102 bio
324 3042 483 3102 scriberem
512 3047 565 3102 ant
596 3043 712 3114 ,omnia
739 3040 820 3100 herc“
848 3059 912 3100 cum
941 3040 1026 3098 hiatu
1055 3041 1085 3096 in
1113 3057 1225 3096 cessura

98 3151 155 3218 aut,
180 3145 260 3222 quod
284 3145 411 3204 fortasse
429 3147 553 3222 propius
570 3143 655 3203 abeat
673 3163 691 3202 a
709 3143 805 3216 codd,
829 3145 958 3220 ,absque
980 3141 1097 3200 inuidia
1118 3137 1222 3198 haec“.

98 3275 136 3286 -
162 3251 200 3306 27
206 3251 233 3306 5.
258 3247 394 3306 Numerio
417 3245 621 3306 deficientibus
642 3247 781 3324 plerique
800 3247 843 3304 ita
860 3249 1079 3316 succurrerunt,
1103 3247 1223 3318 etpost

98 3343 153 3410 Mc
200 3347 270 3422 „tu“
302 3349 462 3422 adderent3
495 3349 548 3408 sed
578 3349 687 3408 similia
715 3349 822 3426 sepius
857 3347 1050 3406 inveniuntur
1082 3364 1223 3404 versuum

97 3454 263 3530 principia,
286 3471 314 3512 v.
338 3451 454 3525 Proleg.
478 3469 507 3527 p.
533 3453 611 3524 204;
642 3471 696 3528 ego
719 3451 812 3510 malui
834 3454 904 3526 post
926 3444 1027 3510 dicam
1053 3445 1144 3522 ,tibi“
1170 3446 1223 3505 ad·

97 3553 175 3614 dere.
222 3553 334 3626 Gesta,
367 3554 433 3613 Act.
463 3571 522 3613 soc.
557 3553 640 3632 Lips.
668 3552 723 3627 vl,
757 3571 786 3628 p.
822 3554 899 3612 237:
942 3549 1146 3629 ,propalam“.
1179 3580 1223 3590 -

94 3652 202 3731 palam
232 3663 277 3716 est
304 3662 420 3734 aperte,
452 3655 576 3728 diserte,
611 3655 648 3716 cf.
672 3655 745 3716 Liv.·
760 3653 862 3729 XXX,
887 3657 943 3728 20,
969 3657 1002 3714 2ο
1051 3654 1134 3730 ,Iam
1162 3673 1221 3712 non

95 3759 252 3836 perplexe,
286 3759 339 3818 sed
371 3758 469 3835 palam
502 3755 675 3818 revocaut“.
726 3757 860 3834 Seyffert.
895 3759 925 3816 in
959 3757 1065 3816 Philol.
1097 3755 1219 3830 XXVII,

95 3880 123 3936 p.
142 3863 205 3920 436
232 3856 383 3934 „edicam“
408 3859 595 3920 scribendum
619 3860 766 3933 censebat,
790 3859 904 3918 hiatum
922 3865 1020 3920 autem
1044 3865 1112 3937 post
1137 3861 1220 3936 „qui-

95 3961 180 4022 dem“
207 3961 363 4022 tolerabat.
408 3963 538 4029 Pessime
561 3962 698 4041 Lipsius:
736 3963 804 4036 „Me
835 3969 868 4022 tu
898 3961 1016 4038 quidem
1045 3961 1144 4022 hercle
1172 3962 1221 4021 hic

95 4067 155 4122 tam
189 4065 288 4142 palam
320 4085 380 4123 non
414 4063 561 4138 diuides“,
603 4085 782 4142 quamquam
816 4070 981 4143 sequuntur
1013 4064 1154 4139 Wagner.
1189 4069 1221 4122 et

95 4165 214 4228 muller.
245 4165 329 4240 („Me
357 4167 477 4246 quidem
505 4167 605 4227 hercle
633 4168 682 4227 hic
708 4167 798 4227 hodie
827 4173 890 4226 tam
912 4165 988 4245 p.“).
1044 4165 1219 4226 Obscenitas

95 4268 176 4327 umbi
199 4265 359 4330 dividatis·
388 4266 490 4348 (quam
519 4271 608 4328 etiam
630 4269 734 4330 Cicero
763 4268 1034 4330 commemorated
1057 4267 1141 4326 Fam.
1164 4267 1222 4340 lx,

96 4371 144 4442 22,
169 4373 202 4430 4;
230 4371 316 4444 „Non
339 4371 496 4432 honestum
516 4371 638 4432 verbum
661 4377 707 4431 est
729 4369 857 4434 divisio?
890 4373 932 4430 At
950 4374 1030 4432 inest
1048 4373 1226 4446 obscenum,
1332 4395 1335 4400 ·
