2932 5010
528 515 575 594 ¹v.
595 519 739 574 ool-nos.
1138 526 1197 586 331

81 713 278 788 emendatum
311 707 480 772 sedentur&
502 711 707 790 appellantur,
737 715 788 790 qui
816 732 933 791 semper
954 713 1092 774 sedentes
1116 713 1199 773 labo-

80 823 159 888 rant,
193 835 259 892 qna
287 837 335 874 res
362 835 458 893 prope
479 817 512 874 in
532 813 724 892 proverbium
747 815 876 889 abierat,
910 817 947 876 cl.
970 837 1062 895 supra
1084 819 1134 877 73.
1157 843 1200 858 ⁷·-

81 911 293 991 diubatlorarii,
316 919 369 994 qui
386 917 546 977 diabathra
562 918 682 986 faciunt,
707 917 787 995 quod
805 918 884 978 Fest.
896 919 978 997 Epit.
990 939 1020 997 p.
1033 921 1074 978 74
1089 939 1200 997 ,genus

79 1019 221 1078 solearum
244 1016 499 1080 Graeaauicarnm“
525 1039 588 1080 esse
611 1020 692 1080 dicit.
727 1019 821 1080 Extat
841 1022 873 1080 in
889 1021 984 1080 Noevii
1007 1041 1097 1081 versu
1119 1021 1199 1099 apud

79 1121 157 1181 Varr.
182 1123 217 1182 L.
241 1123 276 1183 L.
300 1123 370 1197 VH,
396 1125 450 1184 53:
488 1122 672 1198 „Diabathra
701 1125 732 1182 in
759 1123 886 1200 pedibus
914 1123 1044 1184 habebat
1071 1126 1198 1184 amictus

80 1223 247 1300 epicroco“;
281 1227 384 1284 tenuia
412 1245 478 1286 esse
507 1231 634 1304 apparet
661 1246 697 1283 ex
719 1225 854 1284 Alexidis
876 1246 964 1285 versu
984 1226 1093 1286 Athen.
1115 1225 1197 1299 XIII,

80 1329 135 1386 568
158 1327 187 1387 b.
212 1357 251 1368 -
278 1330 348 1387 506.
374 1322 511 1390 Soleaott'
533 1329 605 1388 olim
628 1327 824 1387 emendatum.
877 1329 1059 1402 „Muliebres
1081 1326 1196 1390 soleas“

78 1436 289 1488 commemorat
310 1429 369 1490 Cic.
393 1429 465 1490 Har.
488 1451 567 1508 resp.
592 1432 641 1504 21,
666 1432 717 1490 44.
731 1425 1011 1504 —moloclahorii
1035 1435 1086 1510 qui
1108 1433 1200 1490 molo·

78 1531 159 1590 china
187 1533 303 1592 facium
330 1539 382 1592 aut
409 1533 552 1592 rendunt.
608 1532 684 1592 Sunt
712 1537 811 1592 autam
833 1533 913 1600 haec,
940 1539 976 1592 ut
1002 1537 1046 1592 ait
1066 1534 1200 1594 Isidorus

78 1633 153 1710 orig.
165 1633 250 1706 XIX,
270 1636 320 1706 22,
347 1637 394 1708 12,
418 1636 521 1694 tenuia
542 1637 719 1696 vestimenta
739 1654 776 1692 ex
798 1637 961 1694 malvarum
983 1639 1108 1696 stamIne
1130 1657 1200 1696 con·

76 1736 157 1796 secta.
190 1738 324 1803 strumae
339 1740 486 1812 μολοχίνας
503 1738 651 1798 Arrianus
673 1739 704 1796 in
721 1737 832 1816 Peripl.
850 1740 939 1798 maris
955 1738 1105 1813 Erythraei
1121 1735 1157 1812 ἐξ
1170 1742 1198 1799 7.

76 1841 123 1898 48.
136 1841 174 1899 49
200 1843 454 1913 commemoravit,
477 1860 505 1900 r.
523 1840 724 1918 Marquardt,
748 1839 834 1902 Rom.
854 1840 1008 1900 Privatalt.
1022 1841 1059 1913 ΙΙ,
1083 1861 1112 1916 p.
1129 1843 1198 1902 102.

75 1939 183 2002 Eadem
211 1942 348 2002 Caeoiliue
370 1943 582 2002 Pausimacho:
609 1943 797 2016 „oarbasiue,
821 1943 999 2015 molochina,
1020 1941 1199 2019 ampelina“‚

77 2062 160 2118 quem
183 2045 289 2104 laudat
310 2045 423 2106 Nonius
445 2065 475 2123 p.
502 2047 576 2118 548,
612 2048 663 2122 qui
690 2065 796 2121 parum
825 2053 906 2104 recte
933 2045 972 2104 ad
994 2047 1120 2104 colorem
1144 2045 1200 2106 hoc

76 2167 178 2208 nomen
202 2147 315 2206 referre
343 2147 476 2220 videtur,
507 2147 664 2224 additque:
703 2147 845 2220 „Plautus
872 2149 903 2206 iu
932 2147 1087 2206 Aulularia
1115 2149 1200 2206 insti-

76 2256 152 2309 tores
181 2250 345 2310 molochini
373 2251 481 2310 coloris
510 2250 717 2310 molociuarios
740 2247 935 2327 appellavit“.
979 2249 1060 2307 Idem
1082 2269 1112 2326 p.
1138 2251 1197 2308 539

76 2359 104 2411 et
122 2354 181 2412 540
199 2351 291 2412 Nouii
308 2371 427 2412 versum
450 2352 549 2412 affert:
577 2352 806 2425 „Moluchinam,
831 2357 989 2424 crocotsm,
1013 2351 1199 2426 chiridotam,

75 2457 176 2528 ricam,
205 2451 374 2527 ricinium“,
404 2454 479 2514 male
506 2453 722 2526 „mollioinam“
748 2455 881 2514 scribens
909 2462 940 2514 et
962 2454 1126 2513 emollitis
1149 2453 1199 2512 de-

76 2557 191 2618 ducens.
215 2587 259 2598 -
284 2559 353 2617 507.
384 2551 535 2631 fullones,
566 2558 617 2633 qui
639 2559 699 2616 iam
721 2557 812 2616 sanuel
835 2559 1055 2617 commemorati
1076 2563 1147 2616 sunt
1169 2578 1197 2616 r.

76 2661 142 2732 500,
165 2662 218 2718 rix
240 2659 269 2718 h.
292 2659 312 2720 l.
336 2661 432 2737 repeti
455 2665 632 2736 potuerunt;
656 2659 744 2719 Both.
768 2657 970 2732 ,ciniflonee“,
993 2660 1030 2718 de
1053 2679 1112 2737 quo
1135 2659 1196 2718 rid.

75 2761 110 2820 ad
123 2765 198 2835 501;
222 2761 368 2840 equidem,
393 2762 467 2838 quid
489 2762 589 2834 fuerit,
612 2763 735 2838 ignor03
757 2762 822 2836 fuit,
846 2783 938 2840 quum
961 2782 1079 2820 versum
1099 2762 1198 2820 delere

75 2883 221 2942 cuperem,
250 2883 283 2923 ao
308 2865 425 2922 notavit
449 2863 623 2936 Francken,
647 2865 699 2948 qui
723 2867 814 2923 etiarn
838 2864 1059 2924 antecedentem
1082 2883 1199 2922 versum

75 2965 226 3026 damnavit
250 2971 408 3042 ceteraque
430 2966 472 3024 sic
495 2965 659 3024 ordinavit:

155 3069 338 3146 strophiarii
362 3073 478 3139 astant;
502 3074 603 3126 astant
625 3069 820 3140 semisonarii,

156 3171 306 3232 Incedunt
327 3171 488 3230 infectores
511 3171 684 3242 coroctarii3

156 3275 217 3334 Pro
242 3273 303 3333 illis
326 3275 454 3332 corcotis
477 3273 622 3350 strophiis
646 3277 798 3349 sumptum
820 3272 958 3330 uxorium

156 3377 288 3438 Petunt:
312 3375 408 3434 datur.
453 3375 516 3434 Iam
539 3375 627 3434 hosce
650 3374 803 3434 absolutos
826 3393 958 3432 censeas:

156 3479 300 3538 Trecenti
321 3480 433 3537 circum
456 3482 538 3536 etant
559 3475 747 3554 phylacistae'
764 3479 796 3536 in
819 3477 911 3546 atriis,

158 3581 314 3653 Textores,
337 3579 507 3651 limbularii,
531 3581 680 3652 arcularii,

157 3684 221 3743 Aut
244 3683 345 3759 aliqua
366 3683 443 3742 mala
465 3701 537 3741 crux
560 3702 676 3760 semper
699 3687 754 3754 est,
778 3701 854 3759 quae
878 3679 992 3757 aliquid
1015 3687 1108 3756 petat.

76 3787 294 3846 torneatores.
349 3785 427 3845 Non.
455 3805 484 3861 p.
518 3787 576 3844 175
605 3785 663 3844 hcc
690 3784 799 3844 Lucilii
827 3783 929 3842 affert:
969 3783 1201 3855 ,sarcinatorem

76 3907 137 3946 esse
158 3908 321 3960 summum,
355 3907 442 3946 suere
470 3894 625 3946 centonem
654 3882 808 3965 optume“.
854 3885 949 3943 Varro
973 3885 1053 3963 apud
1075 3885 1202 3943 eundem

76 4011 104 4067 p.
129 3993 167 4050 56
195 3987 423 4063 „sarcInatrix“.
447 4019 490 4030 ·-
513 3992 584 4050 508.
608 3983 818 4066 strophiarii,
850 3989 900 4065 qni
923 3987 1057 4064 strophia
1078 3985 1201 4057 faciunt,

77 4092 111 4152 da
123 4093 230 4171 quibus
242 4094 303 4153 rid.
316 4093 413 4153 Catul.
428 4094 477 4166 64,
499 4093 548 4150 65.
590 4091 649 4150 Cic.
668 4091 740 4151 Har.
753 4111 830 4168 resp.
844 4093 893 4163 21,
913 4091 964 4148 44.
998 4087 1073 4146 Non.
1086 4109 1116 4165 p.
1131 4089 1201 4160 538,

78 4198 128 4272 qui
150 4217 186 4254 ex
204 4196 304 4256 Plauti
320 4195 478 4254 Aulularia
498 4194 561 4252 hoeu
580 4193 681 4253 affert:
709 4193 786 4266 „Pro
808 4193 867 4252 illis
890 4191 1026 4264 crocotis,
1050 4179 1202 4267 strophiis,

79 4305 195 4376 sumptu
222 4295 366 4370 uxorio“,
397 4317 485 4374 quem
511 4315 630 4355 versum
649 4295 815 4373 Wagnsrue
842 4315 899 4373 pro
929 4315 977 4367 eo,
1008 4313 1093 4370 quem
1118 4291 1202 4352 codd.

79 4397 210 4460 Plautini
220 4400 364 4477 praebent,
383 4402 414 4458 in
430 4407 546 4458 textum
563 4400 686 4474 recepit,
704 4401 785 4458 iusto
803 4397 959 4468 audacius3
983 4397 1033 4454 alii
1051 4401 1120 4474 post
1133 4398 1202 4467 516,
