2960 5012
85 511 123 579 IV,
130 513 154 581 4,
166 513 262 566 12-20
558 515 709 570 Aulularia.
1151 527 1191 585 41

529 702 738 770 Strobilos

83 808 157 887 Quid
168 829 226 894 ego
237 811 380 895 ponam?
404 808 491 888 Quin
502 817 539 878 tu
552 812 714 897 eloquere,
732 813 892 897 quidquid
905 819 965 896 eet,
979 837 1038 882 suo
1051 817 1194 882 nomine.

81 917 146 983 Non
165 917 275 984 barole
298 919 449 1004 equidem
472 921 651 1003 quidquam
675 923 800 1006 sumpsi
822 943 883 988 neo
905 923 1010 1006 tetigi.

557 1063 702 1130 Euclio

811 1173 955 1239 Ostende
977 1173 1042 1238 huo
1067 1195 1196 1239 manus.

528 1296 739 1364 Strobilos

83 1405 135 1470 Em
155 1405 214 1470 tibi
236 1404 376 1486 ostendi,
399 1405 508 1471 eonas!

559 1537 703 1602 Euclio

505 1645 620 1711 Uideo.
666 1646 744 1728 Age,
768 1646 902 1711 ostende
926 1646 1027 1710 etiam
1050 1647 1195 1712 tertiam.

530 1787 742 1853 Strobilos

86 1894 199 1961 Laruae
221 1895 310 1962 huno
334 1903 434 1980 atque
456 1897 673 1980 intemperiae
695 1897 907 1980 insaniaeque
927 1897 1056 1979 agitant
1074 1917 1198 1960 sanem.

84 2002 208 2070 Fauiana
229 2005 392 2086 iniuriam,
415 2026 459 2071 an
481 2005 568 2071 non?

561 2147 709 2212 Euclio

402 2255 533 2335 Fateor,
558 2257 640 2338 quia·
657 2276 722 2320 non
745 2253 878 2338 pendes,
901 2275 1099 2334 maxumam,
1143 2271 1197 2325 635

86 2361 179 2447 Atque
200 2363 235 2428 id
257 2385 389 2448 quoque
412 2365 478 2430 iam
501 2364 567 2444 fiet,
590 2365 654 2429 nisi
676 2361 791 2428 fatere.

532 2505 745 2572 Strobilos

858 2614 943 2692 Quid
968 2614 1078 2690 fateor,
1095 2613 1179 2680 tibi?

561 2745 707 2812 Euclio

90 2849 162 2928 Quid
183 2854 350 2921 abstulisti
372 2853 470 2920 hino?

534 2986 743 3053 Strobilos

339 3093 382 3158 Di
405 3116 456 3160 me
478 3096 629 3178 perdant,
653 3095 680 3160 si
703 3117 763 3178 ego
786 3096 835 3161 tui
861 3093 1044 3178 quidquam
1067 3092 1201 3174 abstuli,

89 3195 161 3264 Niue
182 3201 262 3268 adeo
287 3202 464 3268 abstulisse
486 3203 614 3270 uellem.

566 3345 714 3412 Euclio

654 3455 812 3538 Agedum,
836 3451 1033 3518 excutedum
1055 3451 1201 3535 pallium.

532 3595 745 3663 Strobilos
795 3664 807 3692 ,

92 3696 151 3768 Tuo
173 3703 347 3771 arbitratu.

564 3812 709 3880 Euclio

364 3921 412 3988 Ne
434 3923 522 3988 iuter
543 3924 672 3990 tunioas
695 3920 827 3986 habeas.

535 4063 746 4131 Strobilus

835 4171 983 4255 Tempta,
1008 4191 1076 4270 qua
1097 4169 1201 4235 lubet.

90 4325 303 4346 Ἢ

148 4408 192 4462 631
212 4425 278 4481 ergo
349 4411 400 4464 633
419 4407 536 4463 ostende
606 4407 657 4462 638
693 4407 745 4462 toti
756 4405 914 4474 praefiqimr
931 4401 1037 4457 EUOL.
