2960 5012
92 524 127 595 11,
134 528 155 594 4,
163 530 268 582 §ta—42
565 527 714 581 Aulularia.

555 716 726 800 Congrio

89 821 166 890 Cur?

539 933 749 999 Strobilus

208 1043 258 1107 Ne
281 1041 361 1126 quid
384 1041 511 1106 animae
534 1041 620 1107 forte
643 1042 776 1106 amittat
798 1040 970 1107 dormiens.

556 1143 728 1232 Congrio

87 1256 233 1322 ‘Etiamne
257 1257 391 1322 obturat
412 1257 599 1322 inferiorem
621 1263 794 1340 gutturem‚

89 1363 133 1428 Ne
153 1385 187 1430 eu
212 1367 291 1449 quid
314 1367 442 1430 animae
464 1365 549 1430 forte
572 1367 703 1430 amittat
726 1365 909 1430 dormiens?

539 1473 750 1538 Strobilus

90 1578 138 1644 Sis
158 1581 240 1645 mihi
262 1587 294 1645 to
318 1587 356 1646 ut
377 1581 438 1646 tibi
460 1603 512 1646 me
535 1586 715 1664 aequomst,
738 1581 844 1662 oredo,
868 1581 1008 1649 eredere.

558 1687 731 1770 Congrio

89 1794 185 1862 Immo
208 1796 360 1882 equidem
383 1797 491 1864 credo,

542 1904 750 1970 Strobilus

545 2013 588 2078 At
611 2015 679 2078 sein
703 2015 812 2094 etiam,
836 2035 900 2096 quo
922 2018 1040 2083 modo?

88 2121 213 2204 Aquam
235 2120 345 2186 hercle
368 2120 486 2206 plorat,
509 2143 608 2204 quom
629 2122 729 2200 lauat,
752 2121 958 2205 profundere.

558 2229 731 2313 Congrio

92 2334 215 2403 Censen
237 2338 398 2403 talentum
420 2359 572 2421 magnum
595 2337 723 2402 exorari
745 2343 822 2422 pote

92 2445 137 2510 lb
157 2448 241 2512 istoo
263 2467 339 2512 sene
362 2453 400 2512 ut
422 2447 487 2526 det,
512 2447 567 2529 qui
589 2445 702 2512 fiamus
725 2446 840 2511 liberi?
894 2497 898 2504 .

543 2553 747 2619 Strobilos
829 2551 834 2562 '

93 2661 218 2727 Famem
241 2661 349 2728 herole
371 2663 528 2732 utendam
550 2663 577 2727 si
600 2685 704 2746 roges,
727 2685 905 2747 numquam
929 2665 1028 2733 dabit.

89 2767 174 2844 Quin
195 2772 257 2854 ipsi
280 2770 407 2854 pridem
428 2776 543 2836 tonsor
565 2768 683 2854 unguis
706 2771 909 2855 dempserat;

93 2874 227 2963 Collegit
249 2879 367 2958 omnia,
391 2879 539 2958 abstulit,
563 2881 799 2964 praesegmina.

553 2986 737 3052 Anthrax

92 3093 213 3179 Edepol
235 3096 407 3162 mortalem
429 3116 529 3179 parce
551 3117 687 3179 parcum
710 3096 891 3179 praedicas.

543 3203 749 3269 Strobilos

92 3307 213 3376 Censen
234 3332 320 3391 vero,
343 3311 425 3376 adeo
450 3333 523 3378 eum
546 3333 643 3395 paroe
666 3320 700 3377 et
722 3313 840 3377 misere
863 3313 994 3377 uiuere?

92 3416 291 3486 Pulmentum
315 3421 442 3504 pridem
465 3421 495 3486 ei
518 3422 639 3504 eripuit
661 3421 790 3485 miluus.

92 3524 191 3593 Homo
214 3529 255 3594 ad
279 3534 464 3612 praetorem
486 3529 711 3612 plorabundus
735 3529 884 3611 deuenit;

93 3632 166 3698 Infit
185 3637 230 3701 ibi
253 3637 420 3721 postulare
443 3638 575 3719 plorans
599 3637 736 3717 eiulans,

96 3741 139 3806 Ut
160 3745 216 3810 sibi
237 3746 353 3811 liceret
374 3745 510 3810 miluum
527 3745 694 3838 'uadariea

94 3848 241 3920 Sescenta
263 3859 347 3932 sunt,
372 3875 455 3938 quae
478 3875 663 3933 memorem,
688 3854 714 3918 si
739 3855 782 3919 sit
804 3855 914 3919 otium.

93 3955 157 4022 sed
176 3968 247 4027 uter
268 3967 488 4027 nostrorumst
510 3961 654 4042 celerior,
676 3945 823 4027 memora
844 3962 933 4028 mihi.

94 4132 305 4152 Ἢ-

162 4241 207 4294 aar
224 4259 255 4297 ea
273 4257 323 4296 om
411 4242 462 4294 298
484 4239 542 4296 Neo
629 4240 745 4295 eredere
763 4239 852 4324 oredo⁸
933 4242 985 4295 300
1001 4241 1096 4310 plorat
1112 4239 1206 4294 hercle

95 4323 144 4376 301
161 4332 245 4392 potest
351 4327 401 4380 307
419 4327 489 4380 adeo
507 4341 566 4380 esse
584 4343 700 4394 parcum
807 4329 859 4380 308
878 4323 992 4381 COCUS
1006 4325 1205 4393 praemetitur.

95 4407 146 4460 309
163 4409 306 4478 plorandus
376 4413 426 4466 310
445 4411 531 4466 eiulas
