2916 5006
548 481 579 536 V.
599 485 742 539 330-374.
1144 488 1206 548 401

89 679 279 740 similitudine
301 679 430 738 nominis
452 677 597 754 Chrysali,
621 678 657 738 cf.
681 699 772 758 supra
798 683 867 742 127.
891 708 933 722 -
960 680 1030 738 360.
1055 673 1209 754 simaqa's

89 797 163 842 usus
191 777 327 854 emeat,
361 782 380 840 i.
405 801 429 840 e.
459 781 483 838 si
511 785 606 858 magis
634 783 707 842 utile
737 791 789 844 eut
819 783 1016 844 necessarium
1048 780 1207 852 videbitur,

88 885 123 943 cf.
152 883 223 943 cist.
254 884 327 942 144:
372 883 414 956 „si
454 884 519 960 quis
559 877 630 943 usus
668 888 799 961 uenerit,
842 886 1010 946 meminisse
1045 902 1098 960 ego
1134 883 1209 941 hene

89 1007 148 1044 rem
168 1007 223 1046 uos
245 980 346 1044 uolo“.
391 984 482 1042 Merc.
509 987 585 1045 509:
623 987 748 1060 „Possin
771 995 819 1064 tu,
851 989 876 1046 si
898 1007 968 1046 usus
990 988 1116 1058 uenerit,
1140 985 1210 1044 sub·

88 1095 183 1148 temen
206 1095 294 1146 tenue
318 1083 429 1145 nere?“
478 1086 570 1146 Stich.
594 1089 671 1149 475:
708 1091 851 1164 „Quando
879 1109 949 1148 usus
977 1092 1093 1160 ueniet,
1125 1085 1208 1146 fier‘.

88 1191 151 1250 Ter.
175 1171 282 1249 Hedut.
309 1192 379 1250 553.
424 1188 496 1246 Inde
519 1193 608 1250 etiam
631 1190 719 1270 Epid.
746 1195 804 1254 528
829 1191 1032 1252 scribendum:
1072 1191 1135 1263 „illi
1158 1189 1209 1248 ho·

88 1296 175 1372 spitio
197 1313 269 1352 usus
291 1287 392 1352 uenit“
420 1288 518 1365 (codd.
545 1292 723 1368 „iuuenit“).
745 1327 789 1338 —
812 1298 883 1356 362.
908 1291 1030 1368 domist,
1053 1293 1112 1352 vid.
1138 1295 1209 1350 222.

87 1426 128 1436 -
141 1399 211 1455 363.
236 1393 312 1454 Edd.
337 1395 434 1452 deleto
456 1391 523 1454 eius
544 1415 662 1454 versum
685 1405 837 1472 sanarunt,
861 1397 914 1456 ssd
932 1397 1087 1456 sententiae
1106 1396 1210 1454 vitium

87 1505 194 1556 menet.
252 1497 327 1556 Nam
354 1491 522 1572 fabricam,
556 1499 576 1556 i.
602 1517 627 1556 e.
658 1499 807 1560 fallaciam
835 1504 899 1560 sive
928 1499 1025 1558 dolum
1064 1495 1113 1573 (cf.
1138 1496 1208 1556 Cist.

90 1602 158 1660 370.
194 1599 259 1658 Mil.
287 1601 356 1658 147.
391 1598 480 1658 Poen.
508 1601 598 1658 1102.
633 1600 700 1660 Ter.
726 1602 834 1662 Heaut.
862 1599 935 1676 545)
959 1622 1019 1661 uon
1043 1601 1134 1674 debit,
1160 1597 1212 1658 sed

88 1703 144 1760 ism
167 1701 253 1760 dedit
275 1703 323 1760 vel
344 1701 478 1778 perfecit,
507 1721 604 1778 neque
627 1702 682 1762 hoc
705 1725 771 1764 cum
792 1707 929 1782 proximo
951 1723 1041 1762 versu
1064 1703 1210 1774 convenit,

88 1806 117 1863 in
140 1824 199 1881 quo
228 1805 253 1866 si
280 1819 376 1880 super
403 1823 458 1882 pro
491 1800 565 1876 ,‚de“
594 1807 733 1881 ponitur,
768 1807 848 1884 quod
875 1805 940 1865 fieri
967 1825 1055 1883 pesse
1084 1803 1211 1876 videtur,

87 1908 123 1965 cf.
147 1907 229 1966 Fest.
252 1927 281 1984 p.
308 1909 377 1966 305.
412 1905 503 1966 Most.
528 1908 599 1965 716.
634 1907 697 1966 Mil.
726 1911 820 1984 1204,
850 1910 905 1968 hcc
928 1907 996 1967 dolo
1020 1925 1124 1964 aurum
1147 1906 1212 1980 qui·

88 2010 153 2069 dem
176 2014 381 2086 comparatum
404 2013 462 2080 est,
492 2007 544 2066 sed
567 2009 689 2069 Bacchis
718 2031 777 2071 non
804 2013 935 2072 invente.
981 2009 1088 2068 Sensus
1110 2011 1213 2086 postu·

88 2112 149 2171 lare
172 2112 309 2170 videtur:
344 2111 431 2170 herili
453 2109 514 2168 filio
537 2111 667 2170 narrabo
691 2112 727 2172 de
751 2133 824 2172 auro
848 2118 879 2172 et
902 2112 938 2170 de
962 2115 1085 2170 inventa
1107 2110 1211 2168 amica.

88 2213 173 2286 Quod
202 2215 343 2290 quoniam
370 2213 453 2270 nulls
482 2212 686 2274 emendatione
714 2215 792 2276 effici
818 2235 906 2294 posse
941 2214 1076 2288 videtur,
1111 2231 1213 2271 versus

89 2321 243 2394 suspectos
266 2317 379 2374 notavi.
1114 2375 1116 2380 ,

175 2419 247 2477 365.
271 2416 373 2492 Lydus
394 2417 583 2495 pedagogus,
609 2421 661 2495 qui
683 2419 841 2480 Pistocleri
864 2420 945 2477 iussu
968 2439 1035 2478 eum
1060 2416 1098 2476 ad
1120 2436 1215 2476 mere-

87 2523 177 2580 trices
200 2523 321 2580 secutus
344 2525 407 2578 eret
431 2516 471 2593 (v.
489 2517 570 2593 167),
595 2540 660 2598 quae
684 2521 726 2580 ibi
748 2523 824 2581 vidit
847 2522 1001 2599 aegerrime
1024 2521 1120 2578 ferens
1143 2519 1213 2578 inde

87 2623 257 2698 egreditur,
291 2625 325 2680 ut
355 2621 429 2698 quid
457 2620 535 2680 filius
565 2629 636 2698 agat
658 2626 740 2700 patri
762 2625 890 2684 nuntiet.
946 2622 1130 2700 septenariis
1152 2629 1214 2681 tro·

87 2725 196 2785 chsicis
225 2744 313 2783 scena
342 2724 532 2782 vehementer
561 2732 711 2785 commota
741 2729 851 2804 scripte
874 2731 927 2784 est.
983 2726 1018 2784 In
1040 2724 1174 2784 exeundo
1198 2745 1216 2782 a

87 2830 180 2887 servis
204 2825 359 2885 Bacchidis
383 2825 531 2902 postulat,
563 2833 596 2884 ut
624 2828 681 2888 eibi
712 2831 831 2890 ianuam
854 2830 991 2905 aperiant
1013 2826 1118 2886 domus
1142 2828 1213 2898 eius,

87 2930 117 2988 in
145 2949 236 3006 quam
264 2928 393 3006 perituri
415 2925 471 2984 soli
500 2928 613 2988 intrare
642 2931 807 2990 videantur.
838 2960 881 2972 —-
916 2932 986 2990 366.
1021 2925 1134 3005 quiJJPe
1163 2925 1217 3006 qui

87 3031 188 3104 codd.;
213 3029 316 3088 Lamb.
336 3025 449 3106 quippe
467 3044 526 3106 quo
543 3051 598 3090 em.
639 3033 719 3092 Illud
736 3055 772 3094 ne
790 3035 857 3110 quis
876 3033 948 3092 locis
967 3031 1006 3090 ad
1025 3031 1134 3108 Amph.
1154 3033 1214 3090 738

88 3134 189 3192 allatis
213 3131 368 3203 defendat,
399 3131 454 3190 hoc
477 3131 541 3190 leco
564 3137 733 3194 necessario
755 3137 920 3213 requiritur
942 3134 999 3192 loci
1028 3132 1214 3210 significatio.

88 3265 130 3276 -
154 3239 227 3295 367.
252 3249 319 3294 esse
340 3233 377 3292 ut
397 3229 486 3311 fraqi
503 3232 628 3308 possiet
650 3243 720 3314 poet
741 3252 813 3314 spes
836 3237 956 3295 insolito
980 3234 1107 3308 dicitur,
1131 3237 1216 3311 quasi

91 3336 175 3412 „fieri
199 3356 259 3394 non
287 3340 401 3414 potest,
431 3341 465 3394 ut
492 3335 573 3414 frugi
601 3337 670 3400 sit“.
725 3339 810 3400 Unus
839 3339 989 3398 Ausonius
1019 3337 1113 3396 simile
1143 3335 1216 3413 quid

89 3439 167 3498 dixit
183 3439 229 3498 Id.
249 3441 277 3512 2,
295 3439 350 3498 46:
379 3436 505 3510 „Consul
528 3445 561 3498 ut
584 3443 647 3520 ipse
669 3439 755 3516 toret,
779 3461 845 3518 spes
867 3441 940 3500 mihi
963 3446 1045 3500 certa
1068 3435 1155 3498 fuid.
1175 3467 1218 3478 -

90 3542 161 3601 370.
198 3540 243 3599 De
271 3531 365 3598 forme
391 3540 580 3618 „permities“
612 3545 672 3604 vid.
702 3545 740 3604 ed
769 3543 852 3602 Asin.
886 3545 955 3602 132.
1011 3541 1142 3600 Verbum
1171 3541 1220 3600 est

89 3643 236 3702 excidisse
258 3642 392 3716 videtur,
426 3641 478 3700 sed
500 3647 601 3704 utrum
623 3652 692 3724 post
715 3643 883 3719 instructa,
918 3665 956 3704 an
984 3651 1053 3722 post
1081 3639 1216 3720 operare,

90 3745 233 3804 dubitant
261 3746 318 3804 viri
348 3743 437 3803 docti.
467 3773 509 3784 -
544 3748 613 3807 371.
642 3744 822 3824 protinam,
856 3749 876 3806 i.
903 3767 927 3806 e.
951 3765 1056 3825 porro,
1092 3747 1218 3806 deloco

90 3847 217 3921 dicitur,
247 3867 274 3906 v.
298 3847 382 3906 Curc.
408 3849 478 3906 363.
530 3847 593 3908 Cas.
619 3853 690 3910 882.
735 3849 816 3909 Pers.
847 3851 922 3922 679,
953 3849 991 3908 al.
1015 3869 1062 3926 ap.
1087 3848 1164 3907 Non.
1187 3869 1217 3926 p.

93 3951 163 4009 376.
193 3979 236 3990 -
264 3945 297 4008 irs
312 3945 427 4026 pedes,
461 3951 493 4008 in
515 3949 630 4028 fugem,
666 3952 701 4011 cf.
726 3951 812 4028 Cept.
839 3952 908 4010 121.
954 3951 1021 4009 Ter.
1045 3949 1120 4009 Eun.
1146 3951 1216 4034 844.

91 4050 212 4111 Phorm.
236 4054 312 4112 190:
340 4051 424 4126 „hinc
447 4072 493 4110 me
517 4054 681 4112 conicerem
703 4058 857 4131 protinam
879 4055 912 4112 in
933 4047 1055 4130 pedes“.
1079 4079 1122 4092 ·-
1146 4053 1217 4110 373.

92 4147 295 4214 desidiabula
327 4154 382 4213 hoc
409 4174 469 4214 uno
498 4153 564 4214 leco
594 4160 690 4228 extst3
724 4161 794 4214 sunt
821 4153 942 4213 desidie
972 4161 1049 4213 ecte.
1072 4183 1115 4194 -
1147 4155 1218 4212 374.

92 4251 241 4332 adflictas
264 4256 350 4317 codd.
370 4257 511 4316 Plautini.
557 4255 603 4314 Sic
626 4261 727 4316 autem
750 4276 817 4316 cum
838 4257 894 4316 hoc
923 4276 1011 4316 versu
1041 4259 1220 4314 terminetur

982 4369 1015 4422 26
