<?xml version="1.0" encoding="UTF-8"?>
<!DOCTYPE html PUBLIC "-//W3C//DTD XHTML 1.0 Transitional//EN"
    "http://www.w3.org/TR/xhtml1/DTD/xhtml1-transitional.dtd">
<html xmlns="http://www.w3.org/1999/xhtml" xml:lang="en" lang="en">
 <head>
  <title>
</title>
<meta http-equiv="Content-Type" content="text/html;charset=utf-8" />
  <meta name='ocr-system' content='tesseract 3.04.00' />
  <meta name='ocr-capabilities' content='ocr_page ocr_carea ocr_par ocr_line ocrx_word'/>
</head>
<body>
  <div class='ocr_page' id='page_1' title='image "./tmacciiplautico00ussigoog_0310.png"; bbox 0 0 2932 5010; ppageno 0'>
   <div class='ocr_carea' id='block_1_1' title="bbox 548 471 1274 562">
    <p class='ocr_par' dir='ltr' id='par_1_1' title="bbox 548 471 1274 562">
     <span class='ocr_line' id='line_1_1' title="bbox 548 471 1274 562; baseline 0.014 -11"><span class='ocrx_word' id='word_1_1' title='bbox 548 496 581 552; x_wconf 82' lang='lat' dir='ltr'><strong>v,</strong></span> <span class='ocrx_word' id='word_1_2' title='bbox 604 498 745 552; x_wconf 80' lang='lat'><strong>144-162.</strong></span> <span class='ocrx_word' id='word_1_3' title='bbox 1144 501 1204 562; x_wconf 79' lang='lat'><strong>291</strong></span> <span class='ocrx_word' id='word_1_4' title='bbox 1273 471 1274 474; x_wconf 24' lang='lat'>¹</span> 
     </span>
    </p>
   </div>
   <div class='ocr_carea' id='block_1_2' title="bbox 8 687 1245 3744">
    <p class='ocr_par' dir='ltr' id='par_1_2' title="bbox 8 687 1245 3744">
     <span class='ocr_line' id='line_1_2' title="bbox 84 687 1204 770; baseline -0.004 -19"><span class='ocrx_word' id='word_1_5' title='bbox 84 689 137 753; x_wconf 78' lang='lat' dir='ltr'><strong>dia</strong></span> <span class='ocrx_word' id='word_1_6' title='bbox 158 713 198 752; x_wconf 91' lang='lat' dir='ltr'><strong>sc.</strong></span> <span class='ocrx_word' id='word_1_7' title='bbox 226 699 329 768; x_wconf 76' lang='lat' dir='ltr'><strong>etate,</strong></span> <span class='ocrx_word' id='word_1_8' title='bbox 359 693 449 753; x_wconf 84' lang='lat' dir='ltr'><strong>ablat.</strong></span> <span class='ocrx_word' id='word_1_9' title='bbox 474 694 683 770; x_wconf 77' lang='lat' dir='ltr'><strong>descriptionis</strong></span> <span class='ocrx_word' id='word_1_10' title='bbox 711 697 746 750; x_wconf 92' lang='lat' dir='ltr'><strong>ut</strong></span> <span class='ocrx_word' id='word_1_11' title='bbox 772 711 879 770; x_wconf 85' lang='lat' dir='ltr'><strong>,quam</strong></span> <span class='ocrx_word' id='word_1_12' title='bbox 906 693 1036 749; x_wconf 83' lang='lat' dir='ltr'><strong>maxima</strong></span> <span class='ocrx_word' id='word_1_13' title='bbox 1058 687 1145 748; x_wconf 86' lang='lat' dir='ltr'><strong>dote“</strong></span> <span class='ocrx_word' id='word_1_14' title='bbox 1176 709 1204 746; x_wconf 84' lang='lat' dir='ltr'><strong>v.</strong></span> 
     </span>
     <span class='ocr_line' id='line_1_3' title="bbox 88 791 1205 868; baseline -0.003 -14"><span class='ocrx_word' id='word_1_15' title='bbox 88 798 152 854; x_wconf 87' lang='lat'><strong>151.</strong></span> <span class='ocrx_word' id='word_1_16' title='bbox 200 795 276 856; x_wconf 88' lang='lat' dir='ltr'><strong>Edd.</strong></span> <span class='ocrx_word' id='word_1_17' title='bbox 306 802 373 855; x_wconf 85' lang='lat' dir='ltr'><strong>aute</strong></span> <span class='ocrx_word' id='word_1_18' title='bbox 396 795 592 856; x_wconf 82' lang='lat' dir='ltr'><strong>Gronovium:</strong></span> <span class='ocrx_word' id='word_1_19' title='bbox 631 791 795 868; x_wconf 83' lang='lat' dir='ltr'><strong>„mediam“</strong></span> <span class='ocrx_word' id='word_1_20' title='bbox 826 816 863 853; x_wconf 82' lang='lat' dir='ltr'><strong>ex</strong></span> <span class='ocrx_word' id='word_1_21' title='bbox 891 793 976 853; x_wconf 88' lang='grc'><strong>0066.</strong></span> <span class='ocrx_word' id='word_1_22' title='bbox 1005 793 1205 852; x_wconf 85' lang='lat' dir='ltr'><strong>deterioribus</strong></span> 
     </span>
     <span class='ocr_line' id='line_1_4' title="bbox 82 891 1204 977; baseline -0.003 -21"><span class='ocrx_word' id='word_1_23' title='bbox 82 905 112 957; x_wconf 91' lang='lat' dir='ltr'><strong>et</strong></span> <span class='ocrx_word' id='word_1_24' title='bbox 138 897 244 973; x_wconf 82' lang='lat' dir='ltr'><strong>Festo,</strong></span> <span class='ocrx_word' id='word_1_25' title='bbox 279 901 330 977; x_wconf 92' lang='lat' dir='ltr'><strong>qui</strong></span> <span class='ocrx_word' id='word_1_26' title='bbox 359 919 389 976; x_wconf 90' lang='lat' dir='ltr'><strong>p.</strong></span> <span class='ocrx_word' id='word_1_27' title='bbox 414 901 474 957; x_wconf 90' lang='grc'><strong>238</strong></span> <span class='ocrx_word' id='word_1_28' title='bbox 503 917 561 957; x_wconf 87' lang='lat' dir='ltr'><strong>vsa.</strong></span> <span class='ocrx_word' id='word_1_29' title='bbox 588 899 731 958; x_wconf 81' lang='lat'>155-57</span> <span class='ocrx_word' id='word_1_30' title='bbox 762 897 858 956; x_wconf 82' lang='lat' dir='ltr'><strong>affort.</strong></span> <span class='ocrx_word' id='word_1_31' title='bbox 886 927 930 938; x_wconf 91' lang='lat'><em>-</em></span> <span class='ocrx_word' id='word_1_32' title='bbox 959 897 1027 956; x_wconf 98' lang='grc'><strong>156.</strong></span> <span class='ocrx_word' id='word_1_33' title='bbox 1063 891 1204 973; x_wconf 79' lang='lat' dir='ltr'><strong>fortuitu,</strong></span> 
     </span>
     <span class='ocr_line' id='line_1_5' title="bbox 83 997 1206 1079; baseline -0.003 -20"><span class='ocrx_word' id='word_1_34' title='bbox 83 1001 255 1078; x_wconf 72' lang='lat' dir='ltr'><strong>paenultima</strong></span> <span class='ocrx_word' id='word_1_35' title='bbox 275 1002 380 1079; x_wconf 81' lang='lat' dir='ltr'><strong>longa,</strong></span> <span class='ocrx_word' id='word_1_36' title='bbox 409 1007 445 1059; x_wconf 93' lang='lat' dir='ltr'><strong>ut</strong></span> <span class='ocrx_word' id='word_1_37' title='bbox 467 1001 540 1061; x_wconf 88' lang='lat' dir='ltr'><strong>Hor.</strong></span> <span class='ocrx_word' id='word_1_38' title='bbox 565 1000 620 1062; x_wconf 83' lang='lat' dir='ltr'><strong>od.</strong></span> <span class='ocrx_word' id='word_1_39' title='bbox 643 1000 686 1072; x_wconf 92' lang='lat' dir='ltr'><strong>II,</strong></span> <span class='ocrx_word' id='word_1_40' title='bbox 720 1001 766 1074; x_wconf 82' lang='lat'><strong>15,</strong></span> <span class='ocrx_word' id='word_1_41' title='bbox 794 1003 846 1074; x_wconf 80' lang='lat'><strong>1‘7;</strong></span> <span class='ocrx_word' id='word_1_42' title='bbox 877 1000 1043 1077; x_wconf 87' lang='lat' dir='ltr'><strong>corripiunt</strong></span> <span class='ocrx_word' id='word_1_43' title='bbox 1059 997 1206 1056; x_wconf 58' lang='lat' dir='ltr'><strong>‘Manilius</strong></span> 
     </span>
     <span class='ocr_line' id='line_1_6' title="bbox 83 1097 1203 1179; baseline -0.002 -19"><span class='ocrx_word' id='word_1_44' title='bbox 83 1103 110 1175; x_wconf 91' lang='lat' dir='ltr'><strong>l,</strong></span> <span class='ocrx_word' id='word_1_45' title='bbox 142 1104 201 1161; x_wconf 88' lang='grc'><strong>182</strong></span> <span class='ocrx_word' id='word_1_46' title='bbox 233 1109 264 1162; x_wconf 90' lang='grc'><strong>01</strong></span> <span class='ocrx_word' id='word_1_47' title='bbox 290 1104 411 1164; x_wconf 87' lang='lat' dir='ltr'><strong>Petron.</strong></span> <span class='ocrx_word' id='word_1_48' title='bbox 441 1125 466 1162; x_wconf 91' lang='lat' dir='ltr'><strong>c.</strong></span> <span class='ocrx_word' id='word_1_49' title='bbox 493 1105 562 1163; x_wconf 84' lang='lat'><strong>135.</strong></span> <span class='ocrx_word' id='word_1_50' title='bbox 591 1133 634 1146; x_wconf 88' lang='lat'><strong>-·</strong></span> <span class='ocrx_word' id='word_1_51' title='bbox 670 1105 739 1163; x_wconf 80' lang='lat'><strong>157.</strong></span> <span class='ocrx_word' id='word_1_52' title='bbox 773 1102 832 1160; x_wconf 89' lang='lat' dir='ltr'><strong>Pro</strong></span> <span class='ocrx_word' id='word_1_53' title='bbox 865 1097 941 1179; x_wconf 77' lang='lat' dir='ltr'><strong>quin</strong></span> <span class='ocrx_word' id='word_1_54' title='bbox 968 1101 992 1160; x_wconf 89' lang='lat' dir='ltr'>B</span> <span class='ocrx_word' id='word_1_55' title='bbox 1028 1101 1065 1160; x_wconf 89' lang='lat' dir='ltr'><strong>eb</strong></span> <span class='ocrx_word' id='word_1_56' title='bbox 1100 1103 1203 1159; x_wconf 87' lang='lat' dir='ltr'><strong>initio:</strong></span> 
     </span>
     <span class='ocr_line' id='line_1_7' title="bbox 86 1199 1204 1282; baseline -0.001 -20"><span class='ocrx_word' id='word_1_57' title='bbox 86 1200 206 1281; x_wconf 87' lang='lat' dir='ltr'><strong>,quid“,</strong></span> <span class='ocrx_word' id='word_1_58' title='bbox 246 1205 297 1264; x_wconf 92' lang='lat' dir='ltr'><strong>sed</strong></span> <span class='ocrx_word' id='word_1_59' title='bbox 336 1211 502 1265; x_wconf 87' lang='lat' dir='ltr'><strong>correctum</strong></span> <span class='ocrx_word' id='word_1_60' title='bbox 535 1211 588 1264; x_wconf 90' lang='lat' dir='ltr'><strong>est.</strong></span> <span class='ocrx_word' id='word_1_61' title='bbox 623 1235 666 1247; x_wconf 88' lang='grc'><strong>-</strong></span> <span class='ocrx_word' id='word_1_62' title='bbox 700 1199 871 1265; x_wconf 65' lang='lat' dir='ltr'><strong>Postumus</strong></span> <span class='ocrx_word' id='word_1_63' title='bbox 903 1205 992 1282; x_wconf 79' lang='lat' dir='ltr'><strong>vulgo</strong></span> <span class='ocrx_word' id='word_1_64' title='bbox 1026 1204 1204 1282; x_wconf 86' lang='lat' dir='ltr'><strong>appellatur,</strong></span> 
     </span>
     <span class='ocr_line' id='line_1_8' title="bbox 83 1306 1204 1386; baseline 0.002 -22"><span class='ocrx_word' id='word_1_65' title='bbox 83 1310 134 1382; x_wconf 92' lang='lat' dir='ltr'><strong>qui</strong></span> <span class='ocrx_word' id='word_1_66' title='bbox 155 1313 228 1386; x_wconf 90' lang='lat' dir='ltr'><strong>post</strong></span> <span class='ocrx_word' id='word_1_67' title='bbox 249 1311 344 1386; x_wconf 89' lang='lat' dir='ltr'><strong>patris</strong></span> <span class='ocrx_word' id='word_1_68' title='bbox 369 1314 494 1367; x_wconf 89' lang='lat' dir='ltr'><strong>mortem</strong></span> <span class='ocrx_word' id='word_1_69' title='bbox 522 1315 611 1367; x_wconf 84' lang='lat' dir='ltr'><strong>natus</strong></span> <span class='ocrx_word' id='word_1_70' title='bbox 640 1313 693 1380; x_wconf 88' lang='lat' dir='ltr'><strong>est,</strong></span> <span class='ocrx_word' id='word_1_71' title='bbox 718 1309 816 1366; x_wconf 83' lang='lat' dir='ltr'><strong>nteit</strong></span> <span class='ocrx_word' id='word_1_72' title='bbox 838 1307 933 1366; x_wconf 82' lang='lat' dir='ltr'><strong>Varro</strong></span> <span class='ocrx_word' id='word_1_73' title='bbox 957 1306 991 1367; x_wconf 92' lang='lat' dir='ltr'><strong>L.</strong></span> <span class='ocrx_word' id='word_1_74' title='bbox 1015 1307 1048 1367; x_wconf 90' lang='lat' dir='ltr'><strong>L.</strong></span> <span class='ocrx_word' id='word_1_75' title='bbox 1072 1306 1124 1380; x_wconf 91' lang='lat' dir='ltr'><strong>IX,</strong></span> <span class='ocrx_word' id='word_1_76' title='bbox 1149 1307 1204 1378; x_wconf 76' lang='lat'><strong>603</strong></span> 
     </span>
     <span class='ocr_line' id='line_1_9' title="bbox 81 1409 1206 1489; baseline -0.002 -19"><span class='ocrx_word' id='word_1_77' title='bbox 81 1409 133 1470; x_wconf 85' lang='lat' dir='ltr'><strong>aed</strong></span> <span class='ocrx_word' id='word_1_78' title='bbox 154 1413 279 1488; x_wconf 90' lang='lat' dir='ltr'><strong>proprie</strong></span> <span class='ocrx_word' id='word_1_79' title='bbox 300 1411 377 1470; x_wconf 90' lang='lat' dir='ltr'><strong>nihil</strong></span> <span class='ocrx_word' id='word_1_80' title='bbox 399 1411 480 1470; x_wconf 84' lang='lat' dir='ltr'><strong>aliud</strong></span> <span class='ocrx_word' id='word_1_81' title='bbox 503 1415 549 1470; x_wconf 88' lang='lat' dir='ltr'><strong>est</strong></span> <span class='ocrx_word' id='word_1_82' title='bbox 571 1431 659 1489; x_wconf 89' lang='lat' dir='ltr'><strong>qnam</strong></span> <span class='ocrx_word' id='word_1_83' title='bbox 680 1415 864 1487; x_wconf 89' lang='lat' dir='ltr'><strong>postremus,</strong></span> <span class='ocrx_word' id='word_1_84' title='bbox 894 1415 929 1468; x_wconf 93' lang='lat' dir='ltr'><strong>ut</strong></span> <span class='ocrx_word' id='word_1_85' title='bbox 955 1409 1060 1470; x_wconf 90' lang='lat' dir='ltr'><strong>eodem</strong></span> <span class='ocrx_word' id='word_1_86' title='bbox 1087 1411 1206 1468; x_wconf 91' lang='lat' dir='ltr'><strong>nomine</strong></span> 
     </span>
     <span class='ocr_line' id='line_1_10' title="bbox 83 1511 1204 1591; baseline 0 -21"><span class='ocrx_word' id='word_1_87' title='bbox 83 1511 244 1587; x_wconf 81' lang='lat' dir='ltr'><strong>significari</strong></span> <span class='ocrx_word' id='word_1_88' title='bbox 273 1515 382 1590; x_wconf 79' lang='lat' dir='ltr'><strong>possit,</strong></span> <span class='ocrx_word' id='word_1_89' title='bbox 418 1515 586 1590; x_wconf 80' lang='lat' dir='ltr'><strong>quicunque</strong></span> <span class='ocrx_word' id='word_1_90' title='bbox 613 1516 694 1572; x_wconf 93' lang='lat' dir='ltr'><strong>omni</strong></span> <span class='ocrx_word' id='word_1_91' title='bbox 718 1514 923 1590; x_wconf 72' lang='lat' dir='ltr'><strong>expectatione</strong></span> <span class='ocrx_word' id='word_1_92' title='bbox 946 1514 1040 1571; x_wconf 87' lang='lat' dir='ltr'><strong>aerius</strong></span> <span class='ocrx_word' id='word_1_93' title='bbox 1063 1513 1204 1591; x_wconf 83' lang='lat' dir='ltr'><strong>nascitur.</strong></span> 
     </span>
     <span class='ocr_line' id='line_1_11' title="bbox 81 1613 1206 1690; baseline -0.002 -17"><span class='ocrx_word' id='word_1_94' title='bbox 81 1613 128 1673; x_wconf 89' lang='grc'><strong>810</strong></span> <span class='ocrx_word' id='word_1_95' title='bbox 150 1615 302 1690; x_wconf 80' lang='lat' dir='ltr'><strong>Vergilius</strong></span> <span class='ocrx_word' id='word_1_96' title='bbox 326 1617 395 1675; x_wconf 83' lang='lat' dir='ltr'><strong>AEn.</strong></span> <span class='ocrx_word' id='word_1_97' title='bbox 420 1616 469 1690; x_wconf 85' lang='lat' dir='ltr'><strong>VI,</strong></span> <span class='ocrx_word' id='word_1_98' title='bbox 494 1617 569 1675; x_wconf 78' lang='lat'><strong>763:</strong></span> <span class='ocrx_word' id='word_1_99' title='bbox 609 1615 745 1689; x_wconf 66' lang='lat' dir='ltr'><strong>„Silvine</strong></span> <span class='ocrx_word' id='word_1_100' title='bbox 769 1615 918 1674; x_wconf 87' lang='lat' dir='ltr'><strong>Albanum</strong></span> <span class='ocrx_word' id='word_1_101' title='bbox 941 1635 1056 1686; x_wconf 91' lang='lat' dir='ltr'><strong>nomen,</strong></span> <span class='ocrx_word' id='word_1_102' title='bbox 1079 1621 1134 1672; x_wconf 87' lang='lat' dir='ltr'><strong>tua</strong></span> <span class='ocrx_word' id='word_1_103' title='bbox 1155 1633 1206 1690; x_wconf 93' lang='lat' dir='ltr'><strong>po-</strong></span> 
     </span>
     <span class='ocr_line' id='line_1_12' title="bbox 81 1713 1204 1796; baseline -0.002 -21"><span class='ocrx_word' id='word_1_104' title='bbox 81 1723 178 1776; x_wconf 87' lang='lat' dir='ltr'><strong>stuma</strong></span> <span class='ocrx_word' id='word_1_105' title='bbox 205 1713 336 1796; x_wconf 87' lang='lat' dir='ltr'><strong>proles“,</strong></span> <span class='ocrx_word' id='word_1_106' title='bbox 361 1719 442 1796; x_wconf 90' lang='lat' dir='ltr'><strong>quod</strong></span> <span class='ocrx_word' id='word_1_107' title='bbox 469 1725 550 1778; x_wconf 87' lang='grc'><strong>10010</strong></span> <span class='ocrx_word' id='word_1_108' title='bbox 577 1719 706 1796; x_wconf 85' lang='lat' dir='ltr'><strong>explicat</strong></span> <span class='ocrx_word' id='word_1_109' title='bbox 733 1718 883 1778; x_wconf 79' lang='lat' dir='ltr'><strong>Caeselliua</strong></span> <span class='ocrx_word' id='word_1_110' title='bbox 912 1717 991 1796; x_wconf 89' lang='lat' dir='ltr'><strong>apud</strong></span> <span class='ocrx_word' id='word_1_111' title='bbox 1013 1716 1144 1775; x_wconf 85' lang='lat' dir='ltr'><strong>Gellium</strong></span> <span class='ocrx_word' id='word_1_112' title='bbox 1165 1716 1204 1788; x_wconf 90' lang='lat' dir='ltr'><strong>Il,</strong></span> 
     </span>
     <span class='ocr_line' id='line_1_13' title="bbox 85 1819 1206 1896; baseline -0.002 -19"><span class='ocrx_word' id='word_1_113' title='bbox 85 1819 136 1894; x_wconf 87' lang='lat'><strong>16,</strong></span> <span class='ocrx_word' id='word_1_114' title='bbox 167 1825 196 1880; x_wconf 91' lang='grc'><strong>5.</strong></span> <span class='ocrx_word' id='word_1_115' title='bbox 242 1820 422 1896; x_wconf 82' lang='lat' dir='ltr'><strong>Megadorus</strong></span> <span class='ocrx_word' id='word_1_116' title='bbox 450 1827 588 1895; x_wconf 84' lang='lat' dir='ltr'><strong>veretur,</strong></span> <span class='ocrx_word' id='word_1_117' title='bbox 622 1840 660 1879; x_wconf 93' lang='lat' dir='ltr'><strong>ne</strong></span> <span class='ocrx_word' id='word_1_118' title='bbox 695 1819 828 1880; x_wconf 87' lang='lat' dir='ltr'><strong>homines</strong></span> <span class='ocrx_word' id='word_1_119' title='bbox 856 1821 912 1878; x_wconf 88' lang='lat' dir='ltr'><strong>tali</strong></span> <span class='ocrx_word' id='word_1_120' title='bbox 939 1820 1057 1878; x_wconf 87' lang='lat' dir='ltr'><strong>nomine</strong></span> <span class='ocrx_word' id='word_1_121' title='bbox 1089 1824 1206 1896; x_wconf 86' lang='lat' dir='ltr'><strong>petrem</strong></span> 
     </span>
     <span class='ocr_line' id='line_1_14' title="bbox 82 1918 1204 2000; baseline -0.003 -21"><span class='ocrx_word' id='word_1_122' title='bbox 82 1921 235 2000; x_wconf 83' lang='lat' dir='ltr'><strong>liliumque</strong></span> <span class='ocrx_word' id='word_1_123' title='bbox 262 1923 400 1982; x_wconf 87' lang='lat' dir='ltr'><strong>illudant.</strong></span> <span class='ocrx_word' id='word_1_124' title='bbox 423 1953 467 1964; x_wconf 94' lang='lat'><em>-</em></span> <span class='ocrx_word' id='word_1_125' title='bbox 492 1925 560 1983; x_wconf 88' lang='grc'><strong>158.</strong></span> <span class='ocrx_word' id='word_1_126' title='bbox 590 1920 719 1984; x_wconf 78' lang='lat' dir='ltr'><strong>demam.</strong></span> <span class='ocrx_word' id='word_1_127' title='bbox 764 1923 879 1983; x_wconf 83' lang='lat' dir='ltr'><strong>Nonius</strong></span> <span class='ocrx_word' id='word_1_128' title='bbox 913 1918 1054 2000; x_wconf 82' lang='lat' dir='ltr'><strong>„degam“</strong></span> <span class='ocrx_word' id='word_1_129' title='bbox 1079 1921 1204 1995; x_wconf 81' lang='lat' dir='ltr'><strong>legerat,</strong></span> 
     </span>
     <span class='ocr_line' id='line_1_15' title="bbox 81 2018 1245 2104; baseline -0.002 -22"><span class='ocrx_word' id='word_1_130' title='bbox 81 2025 157 2083; x_wconf 88' lang='lat' dir='ltr'><strong>unde</strong></span> <span class='ocrx_word' id='word_1_131' title='bbox 180 2045 211 2103; x_wconf 91' lang='lat' dir='ltr'><strong>p.</strong></span> <span class='ocrx_word' id='word_1_132' title='bbox 237 2027 299 2084; x_wconf 80' lang='grc'><strong>278</strong></span> <span class='ocrx_word' id='word_1_133' title='bbox 326 2023 470 2104; x_wconf 80' lang='lat' dir='ltr'><strong>„degere“</strong></span> <span class='ocrx_word' id='word_1_134' title='bbox 496 2028 595 2104; x_wconf 90' lang='lat' dir='ltr'><strong>inquit</strong></span> <span class='ocrx_word' id='word_1_135' title='bbox 621 2032 684 2100; x_wconf 88' lang='lat' dir='ltr'><strong>„est</strong></span> <span class='ocrx_word' id='word_1_136' title='bbox 707 2027 796 2085; x_wconf 88' lang='lat' dir='ltr'><strong>etiam</strong></span> <span class='ocrx_word' id='word_1_137' title='bbox 817 2018 1027 2100; x_wconf 86' lang='lat' dir='ltr'><strong>minuere“(!),</strong></span> <span class='ocrx_word' id='word_1_138' title='bbox 1051 2024 1101 2101; x_wconf 90' lang='lat' dir='ltr'><strong>qui</strong></span> <span class='ocrx_word' id='word_1_139' title='bbox 1125 2021 1207 2100; x_wconf 88' lang='lat' dir='ltr'><strong>quod</strong></span> <span class='ocrx_word' id='word_1_140' title='bbox 1243 2019 1245 2026; x_wconf 80' lang='grc'><strong>’</strong></span> 
     </span>
     <span class='ocr_line' id='line_1_16' title="bbox 81 2121 1204 2206; baseline -0.001 -21"><span class='ocrx_word' id='word_1_141' title='bbox 81 2133 228 2204; x_wconf 74' lang='lat' dir='ltr'><strong>preterea</strong></span> <span class='ocrx_word' id='word_1_142' title='bbox 251 2127 339 2186; x_wconf 85' lang='lat' dir='ltr'><strong>affert</strong></span> <span class='ocrx_word' id='word_1_143' title='bbox 360 2127 448 2206; x_wconf 90' lang='lat' dir='ltr'><strong>Epid.</strong></span> <span class='ocrx_word' id='word_1_144' title='bbox 470 2131 524 2202; x_wconf 86' lang='grc'><strong>66,</strong></span> <span class='ocrx_word' id='word_1_145' title='bbox 554 2129 597 2188; x_wconf 93' lang='lat' dir='ltr'><strong>ibi</strong></span> <span class='ocrx_word' id='word_1_146' title='bbox 627 2127 712 2188; x_wconf 88' lang='lat' dir='ltr'><strong>codd.</strong></span> <span class='ocrx_word' id='word_1_147' title='bbox 736 2128 870 2187; x_wconf 90' lang='lat' dir='ltr'><strong>Plautini</strong></span> <span class='ocrx_word' id='word_1_148' title='bbox 892 2132 972 2186; x_wconf 85' lang='lat' dir='ltr'><strong>recte</strong></span> <span class='ocrx_word' id='word_1_149' title='bbox 998 2121 1204 2200; x_wconf 81' lang='lat' dir='ltr'><strong>,detegetur“.</strong></span> 
     </span>
     <span class='ocr_line' id='line_1_17' title="bbox 80 2228 1205 2308; baseline -0.004 -20"><span class='ocrx_word' id='word_1_150' title='bbox 80 2258 122 2268; x_wconf 93' lang='lat'><em>-</em></span> <span class='ocrx_word' id='word_1_151' title='bbox 147 2232 217 2290; x_wconf 80' lang='lat'><strong>159.</strong></span> <span class='ocrx_word' id='word_1_152' title='bbox 241 2229 325 2288; x_wconf 90' lang='lat' dir='ltr'><strong>Idem</strong></span> <span class='ocrx_word' id='word_1_153' title='bbox 346 2249 450 2290; x_wconf 83' lang='lat' dir='ltr'><strong>versus</strong></span> <span class='ocrx_word' id='word_1_154' title='bbox 473 2237 558 2290; x_wconf 80' lang='lat' dir='ltr'><strong>extat</strong></span> <span class='ocrx_word' id='word_1_155' title='bbox 580 2230 665 2308; x_wconf 81' lang='lat' dir='ltr'><strong>Oapt.</strong></span> <span class='ocrx_word' id='word_1_156' title='bbox 691 2233 761 2291; x_wconf 87' lang='grc'><strong>323.</strong></span> <span class='ocrx_word' id='word_1_157' title='bbox 806 2230 988 2290; x_wconf 70' lang='lat' dir='ltr'><strong>Perstet:</strong></span> <span class='ocrx_word' id='word_1_158' title='bbox 1022 2229 1095 2301; x_wconf 92' lang='lat' dir='ltr'><strong>„Pol</strong></span> <span class='ocrx_word' id='word_1_159' title='bbox 1118 2228 1205 2285; x_wconf 90' lang='lat' dir='ltr'><strong>deum</strong></span> 
     </span>
     <span class='ocr_line' id='line_1_18' title="bbox 81 2328 1205 2406; baseline -0.003 -16"><span class='ocrx_word' id='word_1_160' title='bbox 81 2333 192 2391; x_wconf 85' lang='lat' dir='ltr'><strong>virtute</strong></span> <span class='ocrx_word' id='word_1_161' title='bbox 210 2331 307 2391; x_wconf 89' lang='lat' dir='ltr'><strong>dicem</strong></span> <span class='ocrx_word' id='word_1_162' title='bbox 326 2338 357 2392; x_wconf 87' lang='lat' dir='ltr'><strong>ot</strong></span> <span class='ocrx_word' id='word_1_163' title='bbox 378 2336 524 2392; x_wconf 90' lang='lat' dir='ltr'><strong>maiorum</strong></span> <span class='ocrx_word' id='word_1_164' title='bbox 546 2331 673 2393; x_wconf 85' lang='lat' dir='ltr'><strong>meum“.</strong></span> <span class='ocrx_word' id='word_1_165' title='bbox 708 2329 799 2392; x_wconf 78' lang='grc'><strong>600000</strong></span> <span class='ocrx_word' id='word_1_166' title='bbox 820 2329 949 2406; x_wconf 76' lang='lat' dir='ltr'><strong>uirtute,</strong></span> <span class='ocrx_word' id='word_1_167' title='bbox 972 2328 1205 2402; x_wconf 78' lang='grc'><strong>1010106010,</strong></span> 
     </span>
     <span class='ocr_line' id='line_1_19' title="bbox 81 2429 1202 2507; baseline -0.003 -15"><span class='ocrx_word' id='word_1_168' title='bbox 81 2441 163 2494; x_wconf 84' lang='lat' dir='ltr'><strong>extat</strong></span> <span class='ocrx_word' id='word_1_169' title='bbox 196 2437 288 2494; x_wconf 86' lang='lat' dir='ltr'><strong>etiem</strong></span> <span class='ocrx_word' id='word_1_170' title='bbox 317 2436 399 2496; x_wconf 89' lang='lat' dir='ltr'><strong>Trin.</strong></span> <span class='ocrx_word' id='word_1_171' title='bbox 431 2437 502 2495; x_wconf 87' lang='grc'><strong>346.</strong></span> <span class='ocrx_word' id='word_1_172' title='bbox 535 2439 605 2497; x_wconf 85' lang='grc'><strong>355.</strong></span> <span class='ocrx_word' id='word_1_173' title='bbox 657 2435 722 2496; x_wconf 83' lang='lat' dir='ltr'><strong>Mil.</strong></span> <span class='ocrx_word' id='word_1_174' title='bbox 753 2439 824 2496; x_wconf 83' lang='grc'><strong>677.</strong></span> <span class='ocrx_word' id='word_1_175' title='bbox 856 2438 932 2507; x_wconf 82' lang='grc' dir='ltr'><strong>68ος</strong></span> <span class='ocrx_word' id='word_1_176' title='bbox 970 2439 1040 2507; x_wconf 86' lang='lat' dir='ltr'><strong>,tua</strong></span> <span class='ocrx_word' id='word_1_177' title='bbox 1072 2429 1202 2492; x_wconf 87' lang='lat' dir='ltr'><strong>uirtute“</strong></span> 
     </span>
     <span class='ocr_line' id='line_1_20' title="bbox 83 2529 1207 2615; baseline 0 -21"><span class='ocrx_word' id='word_1_178' title='bbox 83 2535 199 2596; x_wconf 85' lang='lat' dir='ltr'><strong>Trucul.</strong></span> <span class='ocrx_word' id='word_1_179' title='bbox 226 2539 299 2598; x_wconf 80' lang='grc'><strong>728.</strong></span> <span class='ocrx_word' id='word_1_180' title='bbox 322 2563 365 2584; x_wconf 40' lang='grc' dir='ltr'><strong>-ὴ</strong></span> <span class='ocrx_word' id='word_1_181' title='bbox 381 2539 525 2600; x_wconf 71' lang='lat' dir='ltr'><strong>nostrum</strong></span> <span class='ocrx_word' id='word_1_182' title='bbox 547 2544 617 2615; x_wconf 83' lang='lat' dir='ltr'><strong>post</strong></span> <span class='ocrx_word' id='word_1_183' title='bbox 639 2537 778 2598; x_wconf 89' lang='lat' dir='ltr'><strong>Guietum</strong></span> <span class='ocrx_word' id='word_1_184' title='bbox 800 2538 909 2597; x_wconf 88' lang='lat' dir='ltr'><strong>editur.</strong></span> <span class='ocrx_word' id='word_1_185' title='bbox 934 2567 971 2578; x_wconf 95' lang='lat'>-</span> <span class='ocrx_word' id='word_1_186' title='bbox 1000 2539 1069 2596; x_wconf 84' lang='lat'><strong>160.</strong></span> <span class='ocrx_word' id='word_1_187' title='bbox 1099 2529 1207 2596; x_wconf 70' lang='lat' dir='ltr'><strong>Facito</strong></span> 
     </span>
     <span class='ocr_line' id='line_1_21' title="bbox 8 2631 1205 2717; baseline 0.001 -20"><span class='ocrx_word' id='word_1_188' title='bbox 8 2631 9 2642; x_wconf 46' lang='lat'>¹</span> <span class='ocrx_word' id='word_1_189' title='bbox 81 2641 160 2717; x_wconf 88' lang='lat' dir='ltr'><strong>apud</strong></span> <span class='ocrx_word' id='word_1_190' title='bbox 181 2641 324 2699; x_wconf 86' lang='lat' dir='ltr'><strong>Plautum</strong></span> <span class='ocrx_word' id='word_1_191' title='bbox 347 2647 392 2699; x_wconf 89' lang='lat' dir='ltr'><strong>est</strong></span> <span class='ocrx_word' id='word_1_192' title='bbox 412 2641 541 2699; x_wconf 85' lang='lat' dir='ltr'><strong>faciendi</strong></span> <span class='ocrx_word' id='word_1_193' title='bbox 562 2643 650 2715; x_wconf 89' lang='lat' dir='ltr'><strong>ratio,</strong></span> <span class='ocrx_word' id='word_1_194' title='bbox 673 2661 701 2702; x_wconf 82' lang='lat' dir='ltr'><strong>v.</strong></span> <span class='ocrx_word' id='word_1_195' title='bbox 720 2641 827 2701; x_wconf 80' lang='lat' dir='ltr'><strong>Bacch.</strong></span> <span class='ocrx_word' id='word_1_196' title='bbox 852 2641 924 2700; x_wconf 90' lang='grc'><strong>838.</strong></span> <span class='ocrx_word' id='word_1_197' title='bbox 969 2639 1079 2714; x_wconf 79' lang='lat' dir='ltr'><strong>Magna</strong></span> <span class='ocrx_word' id='word_1_198' title='bbox 1107 2639 1205 2712; x_wconf 85' lang='lat' dir='ltr'><strong>factio,</strong></span> 
     </span>
     <span class='ocr_line' id='line_1_22' title="bbox 81 2741 1206 2822; baseline 0 -22"><span class='ocrx_word' id='word_1_199' title='bbox 81 2761 139 2819; x_wconf 88' lang='lat' dir='ltr'><strong>qna</strong></span> <span class='ocrx_word' id='word_1_200' title='bbox 172 2745 273 2820; x_wconf 77' lang='lat' dir='ltr'><strong>magni</strong></span> <span class='ocrx_word' id='word_1_201' title='bbox 306 2748 337 2801; x_wconf 93' lang='lat' dir='ltr'><strong>et</strong></span> <span class='ocrx_word' id='word_1_202' title='bbox 369 2744 504 2822; x_wconf 85' lang='lat' dir='ltr'><strong>opulenti</strong></span> <span class='ocrx_word' id='word_1_203' title='bbox 537 2747 595 2803; x_wconf 86' lang='lat' dir='ltr'><strong>viri</strong></span> <span class='ocrx_word' id='word_1_204' title='bbox 622 2749 761 2817; x_wconf 88' lang='lat' dir='ltr'><strong>utuntur,</strong></span> <span class='ocrx_word' id='word_1_205' title='bbox 795 2748 830 2802; x_wconf 89' lang='lat' dir='ltr'><strong>ut</strong></span> <span class='ocrx_word' id='word_1_206' title='bbox 858 2741 972 2800; x_wconf 85' lang='lat' dir='ltr'><strong>Nonius</strong></span> <span class='ocrx_word' id='word_1_207' title='bbox 1001 2743 1044 2800; x_wconf 88' lang='lat' dir='ltr'><strong>ait</strong></span> <span class='ocrx_word' id='word_1_208' title='bbox 1071 2761 1100 2819; x_wconf 89' lang='lat' dir='ltr'><strong>p.</strong></span> <span class='ocrx_word' id='word_1_209' title='bbox 1129 2743 1206 2801; x_wconf 76' lang='lat'>304:</span> 
     </span>
     <span class='ocr_line' id='line_1_23' title="bbox 87 2843 1206 2924; baseline 0 -23"><span class='ocrx_word' id='word_1_210' title='bbox 87 2844 206 2916; x_wconf 78' lang='lat' dir='ltr'><strong>„Fectio</strong></span> <span class='ocrx_word' id='word_1_211' title='bbox 229 2845 379 2921; x_wconf 81' lang='lat' dir='ltr'><strong>significat</strong></span> <span class='ocrx_word' id='word_1_212' title='bbox 401 2847 597 2924; x_wconf 78' lang='lat' dir='ltr'><strong>opulentiam,</strong></span> <span class='ocrx_word' id='word_1_213' title='bbox 625 2847 838 2906; x_wconf 79' lang='lat' dir='ltr'><strong>abunduntiam</strong></span> <span class='ocrx_word' id='word_1_214' title='bbox 861 2850 892 2903; x_wconf 88' lang='lat' dir='ltr'><strong>et</strong></span> <span class='ocrx_word' id='word_1_215' title='bbox 913 2844 1113 2904; x_wconf 72' lang='lat' dir='ltr'><strong>nobilitatem.</strong></span> <span class='ocrx_word' id='word_1_216' title='bbox 1158 2843 1206 2902; x_wconf 87' lang='lat' dir='ltr'><strong>Ti·</strong></span> 
     </span>
     <span class='ocr_line' id='line_1_24' title="bbox 82 2947 1206 3022; baseline 0 -19"><span class='ocrx_word' id='word_1_217' title='bbox 82 2947 171 3007; x_wconf 89' lang='lat' dir='ltr'><strong>tinius</strong></span> <span class='ocrx_word' id='word_1_218' title='bbox 202 2947 323 3006; x_wconf 83' lang='lat' dir='ltr'><strong>Setina:</strong></span> <span class='ocrx_word' id='word_1_219' title='bbox 358 2953 458 3006; x_wconf 89' lang='lat' dir='ltr'><strong>metuo</strong></span> <span class='ocrx_word' id='word_1_220' title='bbox 485 2949 598 3022; x_wconf 86' lang='lat' dir='ltr'><strong>hercle,</strong></span> <span class='ocrx_word' id='word_1_221' title='bbox 630 2947 737 3020; x_wconf 84' lang='grc'><strong>00000,</strong></span> <span class='ocrx_word' id='word_1_222' title='bbox 774 2967 811 3006; x_wconf 91' lang='lat' dir='ltr'><strong>ne</strong></span> <span class='ocrx_word' id='word_1_223' title='bbox 839 2948 926 3006; x_wconf 86' lang='lat' dir='ltr'><strong>nimis</strong></span> <span class='ocrx_word' id='word_1_224' title='bbox 955 2947 1049 3006; x_wconf 85' lang='lat' dir='ltr'><strong>stulte</strong></span> <span class='ocrx_word' id='word_1_225' title='bbox 1078 2947 1206 3018; x_wconf 84' lang='lat' dir='ltr'><strong>fecerim,</strong></span> 
     </span>
     <span class='ocr_line' id='line_1_25' title="bbox 84 3045 1206 3128; baseline -0.002 -20"><span class='ocrx_word' id='word_1_226' title='bbox 84 3048 137 3120; x_wconf 78' lang='lat' dir='ltr'><strong>Qui</strong></span> <span class='ocrx_word' id='word_1_227' title='bbox 166 3071 203 3109; x_wconf 81' lang='lat' dir='ltr'><strong>ex</strong></span> <span class='ocrx_word' id='word_1_228' title='bbox 231 3053 320 3109; x_wconf 85' lang='lat' dir='ltr'><strong>tanta</strong></span> <span class='ocrx_word' id='word_1_229' title='bbox 347 3051 475 3109; x_wconf 80' lang='lat' dir='ltr'><strong>sectione</strong></span> <span class='ocrx_word' id='word_1_230' title='bbox 504 3056 595 3128; x_wconf 86' lang='lat' dir='ltr'><strong>atque</strong></span> <span class='ocrx_word' id='word_1_231' title='bbox 617 3050 725 3128; x_wconf 86' lang='lat' dir='ltr'><strong>opibus</strong></span> <span class='ocrx_word' id='word_1_232' title='bbox 747 3069 813 3108; x_wconf 88' lang='lat' dir='ltr'><strong>eam</strong></span> <span class='ocrx_word' id='word_1_233' title='bbox 840 3069 906 3108; x_wconf 88' lang='lat' dir='ltr'><strong>aum</strong></span> <span class='ocrx_word' id='word_1_234' title='bbox 935 3067 1024 3107; x_wconf 82' lang='lat' dir='ltr'><strong>ausus</strong></span> <span class='ocrx_word' id='word_1_235' title='bbox 1052 3045 1206 3123; x_wconf 83' lang='lat' dir='ltr'><strong>adgredi“.</strong></span> 
     </span>
     <span class='ocr_line' id='line_1_26' title="bbox 83 3149 1238 3228; baseline -0.001 -20"><span class='ocrx_word' id='word_1_236' title='bbox 83 3149 154 3210; x_wconf 87' lang='lat' dir='ltr'><strong>Tum</strong></span> <span class='ocrx_word' id='word_1_237' title='bbox 178 3153 207 3211; x_wconf 90' lang='lat' dir='ltr'><strong>h.</strong></span> <span class='ocrx_word' id='word_1_238' title='bbox 229 3173 257 3211; x_wconf 85' lang='lat' dir='ltr'><strong>v.</strong></span> <span class='ocrx_word' id='word_1_239' title='bbox 282 3151 378 3212; x_wconf 84' lang='lat' dir='ltr'><strong>affert.</strong></span> <span class='ocrx_word' id='word_1_240' title='bbox 429 3152 472 3212; x_wconf 82' lang='lat' dir='ltr'><strong>cf.</strong></span> <span class='ocrx_word' id='word_1_241' title='bbox 501 3153 602 3212; x_wconf 86' lang='lat' dir='ltr'><strong>Cistel.</strong></span> <span class='ocrx_word' id='word_1_242' title='bbox 628 3155 703 3212; x_wconf 81' lang='lat'><strong>323:</strong></span> <span class='ocrx_word' id='word_1_243' title='bbox 742 3170 855 3228; x_wconf 82' lang='lat' dir='ltr'><strong>„neque</strong></span> <span class='ocrx_word' id='word_1_244' title='bbox 885 3171 939 3210; x_wconf 89' lang='lat' dir='ltr'><strong>nos</strong></span> <span class='ocrx_word' id='word_1_245' title='bbox 968 3151 1096 3208; x_wconf 84' lang='lat' dir='ltr'><strong>factione</strong></span> <span class='ocrx_word' id='word_1_246' title='bbox 1125 3155 1209 3208; x_wconf 85' lang='lat' dir='ltr'><strong>tanta</strong></span> <span class='ocrx_word' id='word_1_247' title='bbox 1237 3195 1238 3199; x_wconf 65' lang='lat'>,</span> 
     </span>
     <span class='ocr_line' id='line_1_27' title="bbox 83 3251 1209 3330; baseline -0.002 -19"><span class='ocrx_word' id='word_1_248' title='bbox 83 3260 194 3328; x_wconf 85' lang='lat' dir='ltr'><strong>quanta</strong></span> <span class='ocrx_word' id='word_1_249' title='bbox 214 3261 249 3312; x_wconf 88' lang='lat' dir='ltr'><strong>tu</strong></span> <span class='ocrx_word' id='word_1_250' title='bbox 272 3275 381 3330; x_wconf 87' lang='lat' dir='ltr'><strong>sumus,</strong></span> <span class='ocrx_word' id='word_1_251' title='bbox 406 3253 494 3316; x_wconf 88' lang='lat' dir='ltr'><strong>cett.“</strong></span> <span class='ocrx_word' id='word_1_252' title='bbox 537 3256 796 3315; x_wconf 66' lang='grc'><strong>1111400401.</strong></span> <span class='ocrx_word' id='word_1_253' title='bbox 831 3252 890 3312; x_wconf 86' lang='lat' dir='ltr'><strong>Sed</strong></span> <span class='ocrx_word' id='word_1_254' title='bbox 912 3255 1002 3311; x_wconf 91' lang='lat' dir='ltr'><strong>etiam</strong></span> <span class='ocrx_word' id='word_1_255' title='bbox 1024 3272 1083 3310; x_wconf 91' lang='lat' dir='ltr'><strong>non</strong></span> <span class='ocrx_word' id='word_1_256' title='bbox 1106 3251 1209 3310; x_wconf 90' lang='lat' dir='ltr'><strong>addita</strong></span> 
     </span>
     <span class='ocr_line' id='line_1_28' title="bbox 84 3354 1208 3436; baseline 0 -24"><span class='ocrx_word' id='word_1_257' title='bbox 84 3357 297 3434; x_wconf 76' lang='lat' dir='ltr'><strong>magnitudinis</strong></span> <span class='ocrx_word' id='word_1_258' title='bbox 326 3358 554 3436; x_wconf 78' lang='lat' dir='ltr'><strong>significatione,</strong></span> <span class='ocrx_word' id='word_1_259' title='bbox 588 3365 623 3417; x_wconf 92' lang='lat' dir='ltr'><strong>ut</strong></span> <span class='ocrx_word' id='word_1_260' title='bbox 652 3358 734 3416; x_wconf 89' lang='lat' dir='ltr'><strong>Trin.</strong></span> <span class='ocrx_word' id='word_1_261' title='bbox 759 3357 836 3416; x_wconf 80' lang='lat'>491:</span> <span class='ocrx_word' id='word_1_262' title='bbox 875 3354 967 3428; x_wconf 88' lang='lat' dir='ltr'><strong>„deos</strong></span> <span class='ocrx_word' id='word_1_263' title='bbox 995 3354 1102 3413; x_wconf 87' lang='lat' dir='ltr'><strong>decent</strong></span> <span class='ocrx_word' id='word_1_264' title='bbox 1135 3373 1208 3431; x_wconf 90' lang='lat' dir='ltr'><strong>opu·</strong></span> 
     </span>
     <span class='ocr_line' id='line_1_29' title="bbox 84 3453 1209 3535; baseline 0.001 -22"><span class='ocrx_word' id='word_1_265' title='bbox 84 3455 180 3518; x_wconf 80' lang='lat' dir='ltr'><strong>lentina</strong></span> <span class='ocrx_word' id='word_1_266' title='bbox 206 3466 238 3518; x_wconf 90' lang='lat' dir='ltr'><strong>et</strong></span> <span class='ocrx_word' id='word_1_267' title='bbox 261 3458 437 3522; x_wconf 83' lang='lat' dir='ltr'><strong>faotionea“.</strong></span> <span class='ocrx_word' id='word_1_268' title='bbox 465 3461 506 3521; x_wconf 90' lang='lat' dir='ltr'><strong>ib.</strong></span> <span class='ocrx_word' id='word_1_269' title='bbox 536 3463 613 3535; x_wconf 82' lang='lat'><strong>4973</strong></span> <span class='ocrx_word' id='word_1_270' title='bbox 647 3461 684 3519; x_wconf 82' lang='lat' dir='ltr'><strong>of.</strong></span> <span class='ocrx_word' id='word_1_271' title='bbox 712 3460 790 3518; x_wconf 82' lang='lat' dir='ltr'><strong>infra</strong></span> <span class='ocrx_word' id='word_1_272' title='bbox 818 3461 895 3518; x_wconf 77' lang='lat'><strong>220:</strong></span> <span class='ocrx_word' id='word_1_273' title='bbox 930 3453 1137 3532; x_wconf 84' lang='lat' dir='ltr'><strong>,factiosum“.</strong></span> <span class='ocrx_word' id='word_1_274' title='bbox 1167 3485 1209 3496; x_wconf 96' lang='grc'>-</span> 
     </span>
     <span class='ocr_line' id='line_1_30' title="bbox 86 3555 1208 3642; baseline -0.001 -23"><span class='ocrx_word' id='word_1_275' title='bbox 86 3555 234 3638; x_wconf 68' lang='lat' dir='ltr'><strong>depellit,</strong></span> <span class='ocrx_word' id='word_1_276' title='bbox 265 3561 400 3622; x_wconf 70' lang='lat' dir='ltr'><strong>Graecum</strong></span> <span class='ocrx_word' id='word_1_277' title='bbox 427 3565 557 3642; x_wconf 75' lang='grc' dir='ltr'><strong>δαψιλής,</strong></span> <span class='ocrx_word' id='word_1_278' title='bbox 591 3564 626 3622; x_wconf 87' lang='lat' dir='ltr'><strong>of.</strong></span> <span class='ocrx_word' id='word_1_279' title='bbox 650 3563 740 3622; x_wconf 88' lang='lat' dir='ltr'><strong>Most.</strong></span> <span class='ocrx_word' id='word_1_280' title='bbox 765 3563 836 3620; x_wconf 82' lang='grc'><strong>967.</strong></span> <span class='ocrx_word' id='word_1_281' title='bbox 886 3559 994 3619; x_wconf 85' lang='lat' dir='ltr'><strong>Pseud.</strong></span> <span class='ocrx_word' id='word_1_282' title='bbox 1020 3562 1208 3622; x_wconf 70' lang='lat' dir='ltr'><strong>tentata.</strong></span> 
     </span>
     <span class='ocr_line' id='line_1_31' title="bbox 85 3659 1210 3744; baseline -0.003 -20"><span class='ocrx_word' id='word_1_283' title='bbox 85 3692 121 3702; x_wconf 93' lang='grc'><strong>-</strong></span> <span class='ocrx_word' id='word_1_284' title='bbox 146 3666 216 3725; x_wconf 87' lang='grc'><strong>161.</strong></span> <span class='ocrx_word' id='word_1_285' title='bbox 246 3659 415 3739; x_wconf 75' lang='grc'><strong>0111110103,</strong></span> <span class='ocrx_word' id='word_1_286' title='bbox 434 3667 678 3744; x_wconf 76' lang='lat' dir='ltr'><strong>imperitantium,</strong></span> <span class='ocrx_word' id='word_1_287' title='bbox 702 3671 737 3724; x_wconf 90' lang='lat' dir='ltr'><strong>ut</strong></span> <span class='ocrx_word' id='word_1_288' title='bbox 755 3669 880 3742; x_wconf 88' lang='lat' dir='ltr'><strong>apparet</strong></span> <span class='ocrx_word' id='word_1_289' title='bbox 896 3683 934 3722; x_wconf 86' lang='lat' dir='ltr'><strong>ex</strong></span> <span class='ocrx_word' id='word_1_290' title='bbox 950 3663 1104 3736; x_wconf 87' lang='lat' dir='ltr'><strong>vocabulo,</strong></span> <span class='ocrx_word' id='word_1_291' title='bbox 1129 3662 1210 3740; x_wconf 86' lang='lat' dir='ltr'><strong>quod</strong></span> 
     </span>
    </p>
   </div>
   <div class='ocr_carea' id='block_1_3' title="bbox 87 3755 1316 3845">
    <p class='ocr_par' dir='ltr' id='par_1_3' title="bbox 87 3755 1316 3845">
     <span class='ocr_line' id='line_1_32' title="bbox 87 3755 1316 3845; baseline 0.001 -22"><span class='ocrx_word' id='word_1_292' title='bbox 87 3765 212 3828; x_wconf 89' lang='lat' dir='ltr'><strong>additur.</strong></span> <span class='ocrx_word' id='word_1_293' title='bbox 245 3796 282 3808; x_wconf 92' lang='lat'>-</span> <span class='ocrx_word' id='word_1_294' title='bbox 313 3763 443 3829; x_wconf 80' lang='lat' dir='ltr'><strong>eburata</strong></span> <span class='ocrx_word' id='word_1_295' title='bbox 463 3763 586 3830; x_wconf 75' lang='grc'><strong>0011010</strong></span> <span class='ocrx_word' id='word_1_296' title='bbox 613 3768 709 3842; x_wconf 80' lang='lat' dir='ltr'><strong>codd,</strong></span> <span class='ocrx_word' id='word_1_297' title='bbox 740 3787 799 3844; x_wconf 90' lang='lat' dir='ltr'><strong>quo</strong></span> <span class='ocrx_word' id='word_1_298' title='bbox 827 3769 933 3825; x_wconf 89' lang='lat' dir='ltr'><strong>tertius</strong></span> <span class='ocrx_word' id='word_1_299' title='bbox 961 3787 1015 3845; x_wconf 87' lang='lat' dir='ltr'><strong>pes</strong></span> <span class='ocrx_word' id='word_1_300' title='bbox 1043 3767 1210 3842; x_wconf 86' lang='lat' dir='ltr'><strong>prooelaua·</strong></span> <span class='ocrx_word' id='word_1_301' title='bbox 1312 3755 1316 3760; x_wconf 43' lang='lat'>⁵</span> 
     </span>
    </p>
   </div>
   <div class='ocr_carea' id='block_1_4' title="bbox 86 3867 1211 4544">
    <p class='ocr_par' dir='ltr' id='par_1_4' title="bbox 86 3867 1210 3945">
     <span class='ocr_line' id='line_1_33' title="bbox 86 3867 1210 3945; baseline 0.001 -21"><span class='ocrx_word' id='word_1_302' title='bbox 86 3871 209 3928; x_wconf 86' lang='lat' dir='ltr'><strong>mationa</strong></span> <span class='ocrx_word' id='word_1_303' title='bbox 232 3867 280 3942; x_wconf 87' lang='lat' dir='ltr'><strong>fit;</strong></span> <span class='ocrx_word' id='word_1_304' title='bbox 314 3869 460 3943; x_wconf 85' lang='lat' dir='ltr'><strong>„eburna“</strong></span> <span class='ocrx_word' id='word_1_305' title='bbox 489 3871 586 3931; x_wconf 77' lang='lat' dir='ltr'><strong>(iniat.</strong></span> <span class='ocrx_word' id='word_1_306' title='bbox 611 3876 642 3929; x_wconf 92' lang='lat' dir='ltr'><strong>et</strong></span> <span class='ocrx_word' id='word_1_307' title='bbox 663 3869 769 3944; x_wconf 79' lang='lat' dir='ltr'><strong>Wagn.</strong></span> <span class='ocrx_word' id='word_1_308' title='bbox 799 3867 837 3926; x_wconf 84' lang='grc'><strong>06</strong></span> <span class='ocrx_word' id='word_1_309' title='bbox 866 3869 1043 3945; x_wconf 89' lang='lat' dir='ltr'><strong>posterioris</strong></span> <span class='ocrx_word' id='word_1_310' title='bbox 1065 3869 1210 3944; x_wconf 88' lang='lat' dir='ltr'><strong>temporis</strong></span> 
     </span>
    </p>

    <p class='ocr_par' dir='ltr' id='par_1_5' title="bbox 86 3970 1208 4047">
     <span class='ocr_line' id='line_1_34' title="bbox 86 3970 1208 4047; baseline 0.002 -21"><span class='ocrx_word' id='word_1_311' title='bbox 86 3973 246 4046; x_wconf 67' lang='lat' dir='ltr'><strong>rationem</strong></span> <span class='ocrx_word' id='word_1_312' title='bbox 269 3973 346 4031; x_wconf 89' lang='lat' dir='ltr'><strong>illud</strong></span> <span class='ocrx_word' id='word_1_313' title='bbox 366 3973 537 4032; x_wconf 74' lang='lat' dir='ltr'><strong>Plautinum</strong></span> <span class='ocrx_word' id='word_1_314' title='bbox 559 3978 614 4047; x_wconf 90' lang='lat' dir='ltr'><strong>est,</strong></span> <span class='ocrx_word' id='word_1_315' title='bbox 643 3993 670 4032; x_wconf 84' lang='lat' dir='ltr'><strong>v.</strong></span> <span class='ocrx_word' id='word_1_316' title='bbox 695 3971 787 4032; x_wconf 88' lang='lat' dir='ltr'><strong>Stich.</strong></span> <span class='ocrx_word' id='word_1_317' title='bbox 811 3973 887 4030; x_wconf 75' lang='lat'><strong>378:</strong></span> <span class='ocrx_word' id='word_1_318' title='bbox 927 3971 1037 4044; x_wconf 86' lang='lat' dir='ltr'><strong>,lectos</strong></span> <span class='ocrx_word' id='word_1_319' title='bbox 1061 3970 1208 4044; x_wconf 84' lang='lat' dir='ltr'><strong>eburetos,</strong></span> 
     </span>
    </p>

    <p class='ocr_par' dir='ltr' id='par_1_6' title="bbox 87 4071 1210 4135">
     <span class='ocr_line' id='line_1_35' title="bbox 87 4071 1210 4135; baseline 0 -5"><span class='ocrx_word' id='word_1_320' title='bbox 87 4073 235 4134; x_wconf 84' lang='lat' dir='ltr'><strong>auratos“.</strong></span> <span class='ocrx_word' id='word_1_321' title='bbox 276 4074 439 4134; x_wconf 79' lang='lat' dir='ltr'><strong>Luxuriam</strong></span> <span class='ocrx_word' id='word_1_322' title='bbox 451 4075 650 4135; x_wconf 86' lang='lat' dir='ltr'><strong>Romanorum</strong></span> <span class='ocrx_word' id='word_1_323' title='bbox 668 4077 758 4134; x_wconf 90' lang='lat' dir='ltr'><strong>etiam</strong></span> <span class='ocrx_word' id='word_1_324' title='bbox 776 4073 808 4132; x_wconf 92' lang='lat' dir='ltr'><strong>in</strong></span> <span class='ocrx_word' id='word_1_325' title='bbox 824 4072 968 4132; x_wconf 86' lang='lat' dir='ltr'><strong>vehiculis</strong></span> <span class='ocrx_word' id='word_1_326' title='bbox 981 4071 1126 4132; x_wconf 81' lang='grc'><strong>00101011</strong></span> <span class='ocrx_word' id='word_1_327' title='bbox 1144 4091 1210 4131; x_wconf 88' lang='lat' dir='ltr'><strong>cen·</strong></span> 
     </span>
    </p>

    <p class='ocr_par' dir='ltr' id='par_1_7' title="bbox 87 4173 1209 4252">
     <span class='ocr_line' id='line_1_36' title="bbox 87 4173 1209 4252; baseline 0 -21"><span class='ocrx_word' id='word_1_328' title='bbox 87 4193 182 4236; x_wconf 89' lang='lat' dir='ltr'><strong>sorem</strong></span> <span class='ocrx_word' id='word_1_329' title='bbox 206 4177 366 4252; x_wconf 78' lang='lat' dir='ltr'><strong>castigasse</strong></span> <span class='ocrx_word' id='word_1_330' title='bbox 385 4181 503 4237; x_wconf 89' lang='lat' dir='ltr'><strong>constat</strong></span> <span class='ocrx_word' id='word_1_331' title='bbox 518 4197 554 4236; x_wconf 89' lang='lat' dir='ltr'><strong>ex</strong></span> <span class='ocrx_word' id='word_1_332' title='bbox 572 4175 636 4237; x_wconf 81' lang='lat' dir='ltr'><strong>Liv.</strong></span> <span class='ocrx_word' id='word_1_333' title='bbox 654 4175 794 4250; x_wconf 84' lang='lat' dir='ltr'><strong>XXXIX,</strong></span> <span class='ocrx_word' id='word_1_334' title='bbox 814 4177 864 4249; x_wconf 89' lang='grc'><strong>44,</strong></span> <span class='ocrx_word' id='word_1_335' title='bbox 879 4177 907 4235; x_wconf 89' lang='grc'><strong>2.</strong></span> <span class='ocrx_word' id='word_1_336' title='bbox 940 4173 1019 4234; x_wconf 90' lang='lat' dir='ltr'><strong>Plut.</strong></span> <span class='ocrx_word' id='word_1_337' title='bbox 1032 4173 1096 4232; x_wconf 85' lang='lat' dir='ltr'><strong>(lat.</strong></span> <span class='ocrx_word' id='word_1_338' title='bbox 1114 4176 1160 4246; x_wconf 91' lang='grc'><strong>18,</strong></span> <span class='ocrx_word' id='word_1_339' title='bbox 1181 4175 1209 4232; x_wconf 89' lang='grc'><strong>2.</strong></span> 
     </span>
    </p>

    <p class='ocr_par' dir='ltr' id='par_1_8' title="bbox 87 4273 1210 4356">
     <span class='ocr_line' id='line_1_37' title="bbox 87 4273 1210 4356; baseline -0.006 -15"><span class='ocrx_word' id='word_1_340' title='bbox 87 4303 128 4318; x_wconf 75' lang='lat'><strong>·-</strong></span> <span class='ocrx_word' id='word_1_341' title='bbox 146 4273 243 4356; x_wconf 74' lang='lat' dir='ltr'><strong>palla,</strong></span> <span class='ocrx_word' id='word_1_342' title='bbox 273 4279 462 4356; x_wconf 85' lang='lat' dir='ltr'><strong>splendidum</strong></span> <span class='ocrx_word' id='word_1_343' title='bbox 488 4279 550 4338; x_wconf 84' lang='lat' dir='ltr'><strong>lere</strong></span> <span class='ocrx_word' id='word_1_344' title='bbox 573 4280 729 4338; x_wconf 89' lang='lat' dir='ltr'><strong>mulierum</strong></span> <span class='ocrx_word' id='word_1_345' title='bbox 750 4285 781 4337; x_wconf 92' lang='lat' dir='ltr'><strong>et</strong></span> <span class='ocrx_word' id='word_1_346' title='bbox 803 4275 1033 4337; x_wconf 85' lang='lat' dir='ltr'><strong>citharoedorum</strong></span> <span class='ocrx_word' id='word_1_347' title='bbox 1055 4275 1210 4334; x_wconf 88' lang='lat' dir='ltr'><strong>indumen-</strong></span> 
     </span>
    </p>

    <p class='ocr_par' dir='ltr' id='par_1_9' title="bbox 89 4377 1211 4544">
     <span class='ocr_line' id='line_1_38' title="bbox 89 4377 1211 4463; baseline 0 -27"><span class='ocrx_word' id='word_1_348' title='bbox 89 4385 163 4456; x_wconf 90' lang='lat' dir='ltr'><strong>tum,</strong></span> <span class='ocrx_word' id='word_1_349' title='bbox 193 4402 221 4442; x_wconf 82' lang='grc'><strong>1.</strong></span> <span class='ocrx_word' id='word_1_350' title='bbox 251 4381 332 4442; x_wconf 89' lang='lat' dir='ltr'><strong>Men.</strong></span> <span class='ocrx_word' id='word_1_351' title='bbox 360 4385 418 4442; x_wconf 88' lang='grc'><strong>130</strong></span> <span class='ocrx_word' id='word_1_352' title='bbox 448 4383 485 4442; x_wconf 89' lang='lat' dir='ltr'><strong>al.</strong></span> <span class='ocrx_word' id='word_1_353' title='bbox 510 4411 553 4420; x_wconf 94' lang='lat'>—</span> <span class='ocrx_word' id='word_1_354' title='bbox 584 4383 652 4441; x_wconf 92' lang='grc'><strong>162.</strong></span> <span class='ocrx_word' id='word_1_355' title='bbox 686 4381 813 4463; x_wconf 80' lang='lat' dir='ltr'><strong>Errores</strong></span> <span class='ocrx_word' id='word_1_356' title='bbox 842 4379 1014 4438; x_wconf 86' lang='lat' dir='ltr'><strong>manifestos</strong></span> <span class='ocrx_word' id='word_1_357' title='bbox 1049 4378 1158 4437; x_wconf 87' lang='lat' dir='ltr'><strong>codicis</strong></span> <span class='ocrx_word' id='word_1_358' title='bbox 1187 4377 1211 4436; x_wconf 90' lang='lat' dir='ltr'>B</span> 
     </span>
     <span class='ocr_line' id='line_1_39' title="bbox 959 4491 1007 4544; baseline 0.021 -1"><span class='ocrx_word' id='word_1_359' title='bbox 959 4491 1007 4544; x_wconf 82' lang='lat'><strong>19*</strong></span> 
     </span>
    </p>
   </div>
   <div class='ocr_carea' id='block_1_5' title="bbox 0 0 1478 5010">
    <p class='ocr_par' dir='ltr' id='par_1_10' title="bbox 0 0 1478 5010">
     <span class='ocr_line' id='line_1_40' title="bbox 0 0 1478 5010; baseline 0 0"><span class='ocrx_word' id='word_1_360' title='bbox 0 0 1478 5010; x_wconf 95' lang='lat' dir='ltr'><strong> </strong></span> 
     </span>
    </p>
   </div>
  </div>
 </body>
</html>
