2928 5010
81 509 247 576 utu-et
543 506 706 563 Bacchides.

82 697 258 766 Subducunt
278 698 423 765 lembum
446 697 611 782 capitibus
634 697 879 782 quassantibus.

80 807 137 873 Nos
158 808 243 892 apud
265 807 473 875 Theotimum
494 827 589 873 omne
613 827 730 872 eurum
753 805 985 891 deposuimus,

79 913 134 990 uui
153 915 216 980 illio
239 913 394 982 sacerdos
416 919 469 978 est
489 915 615 980 Dienee
638 913 811 999 Ephesiae.

510 1055 743 1122 Nicobulus

79 1163 150 1242 Quis
170 1167 243 1231 istic
265 1165 497 1233 Theotimustl

516 1307 737 1392 Chrysalus

538 1415 738 1500 Megalobuli
760 1415 857 1497 filius,

71 1524 131 1601 'Qui
151 1547 236 1591 nunc
258 1527 293 1591 in
315 1525 481 1609 Ephesost
503 1524 657 1618 Ephesiis
681 1525 891 1591 carissumus.

514 1667 740 1733 Nicobulus

76 1773 116 1839 Ne
137 1773 190 1840 ille
212 1775 321 1842 hercle
343 1777 424 1842 mihi
447 1777 490 1842 sit
513 1775 616 1842 multo
638 1783 732 1842 tento
755 1776 871 1856 carior,

72 1881 104 1946 Si
125 1905 172 1949 me
194 1884 252 1950 illo
276 1906 358 1950 euro
381 1890 476 1950 tento
500 1884 766 1950 circumduxerit.

516 2026 743 2112 Chrysalus

73 2134 148 2212 Quin
169 2135 202 2200 in
224 2135 299 2220 ipsu
319 2136 401 2202 sede
423 2135 582 2218 Ephesiae
603 2135 728 2201 Dianae
751 2135 970 2214 conditumst3

74 2241 187 2308 Ibidem
211 2243 390 2328 publicitus
415 2249 559 2310 seruent.

510 2385 740 2452 Nicobulus

602 2493 777 2561 Occidistis
800 2515 868 2574 me;

72 2599 170 2667 Nimio
193 2602 248 2667 hic
270 2603 428 2687 priuatim
451 2611 640 2668 seruaretur
662 2604 796 2670 rectius.

69 2706 128 2774 Sed
149 2710 273 2776 nihilne
296 2710 466 2778 edtulistis
488 2710 565 2776 inde
585 2711 661 2788 ,euri
685 2710 839 2776 domum?

515 2869 738 2954 Chrysalus

72 2973 164 3042 Immo
187 2979 306 3058 etiem;
329 2999 453 3059 uerum,
476 2985 638 3061 quantum
661 2978 830 3058 adtulerit,
854 2980 974 3045 nescio.

515 3137 746 3204 Nicobulus

69 3240 159 3325 Quid,
183 3246 314 3311 nescis?

516 3369 743 3454 Chrysalus

346 3477 431 3554 Quia
452 3478 674 3544 Mnesilochus
697 3486 797 3545 noctu
821 3479 1006 3546 clanculum

71 3583 204 3652 Deuenit
225 3586 269 3652 ed
292 3585 499 3652 Theotimum
522 3608 582 3652 nec
604 3588 685 3654 mihi
707 3588 840 3654 credere
1141 3607 1191 3660 315

72 3690 132 3758 Neo
153 3695 332 3778 quoiquam
354 3695 388 3759 in
410 3697 488 3760 naui
509 3695 624 3776 uoluit,
649 3717 686 3762 eo
711 3716 770 3779 ego
794 3699 915 3790 nescio,

71 3797 230 3875 Quantum
252 3801 336 3868 illim
358 3803 532 3884 adtulerit;
555 3825 671 3869 uerum
693 3803 783 3877 haud
805 3805 1005 3888 permultum
1028 3805 1159 3872 adtulit.

516 3947 744 4013 Nicobulus

74 4049 175 4119 Etiam
197 4054 369 4120 dimidium
392 4057 529 4120 censes?

76 4221 193 4232 ηοω-..-
200 4226 290 4233 --.--

136 4308 184 4363 303
201 4309 406 4378 theothimum,
434 4316 460 4364 et
481 4311 522 4365 sic
539 4317 701 4366 constanter.
792 4311 973 4380 deposuimus
1074 4311 1126 4365 305
1144 4311 1196 4379 Qui

72 4389 122 4443 309
137 4391 277 4464 Ephesiae
296 4411 347 4450 om.
418 4397 469 4450 317
487 4393 658 4462 Quantulum
677 4397 802 4452 attulerit

976 4501 992 4553 6
