2932 5010
568 540 600 596 v.
619 543 762 598 scr-aro.
1165 549 1227 612 297

103 734 207 795 andire
228 737 311 796 visus
333 735 381 794 sit.
427 729 512 813 quod
531 742 611 796 recte
632 735 666 796 B.
686 738 774 814 prim.
794 757 882 814 man,
906 744 976 799 cett.
997 739 1081 800 oodd.
1106 745 1136 799 et
1159 739 1227 800 edd.

111 835 230 914 „quid“.
277 837 349 896 Post
374 838 450 896 hunc
473 857 589 898 versum
618 839 741 913 Riooh,
765 839 845 898 Prol.
869 840 951 901 Trin.
975 863 1005 920 p.
1029 840 1138 901 CXXX
1161 861 1227 900 eum

105 939 244 1013 sddebat,
268 943 321 1017 qni
338 941 370 998 in
386 938 472 1000 codd.
486 945 531 999 est
549 943 624 1002 385:
652 941 819 1015 „Nimirum
841 941 969 1018 occidor,
992 945 1049 1002 nisi
1072 961 1127 1018 ego
1149 946 1228 1002 intro

106 1042 160 1100 huc
186 1061 317 1121 propere
344 1061 476 1120 propero
503 1041 654 1103 currers“.
705 1043 776 1116 Quo
804 1046 831 1104 si
857 1065 890 1104 re
917 1063 988 1103 vera
1015 1045 1092 1104 dixit
1113 1043 1227 1119 Euclio,

105 1149 163 1202 tam
197 1147 356 1204 summissa
388 1165 461 1204 voce
490 1145 601 1205 dixerit
628 1167 746 1206 necesse
779 1153 839 1220 est,
873 1153 908 1206 ut
938 1145 1116 1224 Megadorus
1155 1147 1228 1206 nihil

105 1247 241 1307 audierit.
270 1277 313 1288 -
341 1249 414 1308 236.
447 1247 610 1324 Megadoro
639 1249 745 1308 relicto
780 1248 899 1308 domurn
934 1249 1039 1308 Euclio
1066 1269 1097 1308 se
1126 1251 1228 1328 prisci·

105 1351 190 1426 pitet.
248 1343 414 1425 confodere
435 1345 533 1422 tussi,
567 1354 676 1410 omisso
698 1350 831 1423 obiecto,
856 1353 893 1412 ol.
918 1352 995 1410 345:
1034 1353 1140 1424 ,iussit
1162 1354 1228 1411 mit·

105 1449 196 1511 ters“.
247 1451 348 1512 Madv.
377 1451 429 1511 (ir.
457 1449 526 1512 Lat.
552 1455 621 1526 390,
645 1457 706 1512 not.
732 1455 760 1513 3.
789 1483 833 1494 —
859 1449 910 1512 hio
931 1454 1002 1513 olim
1031 1454 1228 1513 emendatum.

104 1551 251 1614 Gruterus
284 1553 363 1631 apud
396 1554 557 1613 Taubrnan.
596 1554 681 1628 „hino
714 1551 774 1614 eit“
811 1557 976 1633 suspicatus
1010 1561 1071 1628 est,
1107 1557 1125 1614 i.
1151 1577 1176 1616 e.
1205 1558 1230 1616 it

104 1657 150 1714 rel
171 1657 224 1729 iit,
256 1657 337 1734 quod
359 1657 473 1735 recepit
494 1657 615 1734 Wegn.;
650 1657 704 1716 sed
726 1663 789 1716 tum
813 1659 903 1716 etiam
934 1653 1030 1734 ,quo“
1056 1659 1228 1734 requiritur.

107 1787 143 1800 -
176 1761 249 1819 237.
283 1773 382 1837 neque
407 1775 457 1819 me
485 1755 645 1819 umorem
673 1755 762 1836 seed,
795 1766 897 1819 utrum
924 1759 1017 1818 filiam
1045 1779 1129 1820 susm
1157 1761 1231 1820 mihi

105 1861 292 1939 despondero
313 1861 387 1921 velit
408 1881 446 1920 an
468 1882 542 1934 non;
566 1863 603 1921 oi.
627 1861 734 1922 Pseud.
759 1861 830 1922 629.
853 1891 897 1902 -
919 1855 1061 1922 Recidit
1086 1858 1161 1935 mei,
1184 1883 1231 1922 ms

104 1967 228 2041 spernit.
274 1964 459 2024 Posteriores
488 1964 557 2023 huic
584 1965 677 2023 verbo
706 1965 906 2024 accusativum
935 1963 1118 2040 adinngrmt,
1153 1969 1230 2026 anti·

103 2068 225 2142 quiores
247 2067 430 2142 genetivum,
461 2067 521 2126 rid.
544 2066 620 2125 Non.
643 2085 672 2143 p.
696 2067 772 2139 496,
808 2069 859 2144 qni
880 2071 992 2146 praeter
1019 2067 1098 2126 hunc
1132 2067 1230 2126 locum

105 2169 176 2228 ulios
198 2169 321 2242 Titinii,
355 2159 493 2246 Turpilii,
522 2169 631 2228 Lucilii
661 2169 741 2228 locos
766 2167 863 2228 effert.
917 2167 1017 2228 Etiam
1045 2168 1137 2228 Stich.
1169 2171 1229 2228 335

102 2270 292 2330 scribendum
315 2277 374 2330 est:
402 2272 502 2344 ,Mein
524 2266 681 2330 lastidis'?“
698 2297 737 2310 -
758 2272 829 2330 240.
856 2267 1031 2348 coemittit
1048 2289 1103 2330 em.
1122 2270 1230 2330 Acida-

103 2371 168 2431 lius.
199 2403 244 2414 -
273 2375 344 2433 241.
378 2371 500 2434 occasio
533 2369 635 2446 illaec,
669 2378 819 2448 transpos.
850 2373 973 2447 Herios,
1007 2393 1044 2432 ne
1076 2371 1227 2446 „occasio“

105 2475 295 2552 trisyllabum
318 2475 367 2536 sit.
395 2471 503 2552 potiit,
528 2475 682 2536 Gruterus.
706 2504 749 2516 -
772 2475 843 2535 242.
867 2474 973 2535 Euclio
995 2476 1105 2535 iterum
1129 2477 1230 2535 exiens

101 2574 255 2655 Staphylus
284 2581 316 2636 in
344 2578 458 2638 aedibus
485 2581 616 2638 servanti
644 2579 775 2638 minetur
799 2599 831 2636 ss
853 2579 985 2652 linguam
1015 2577 1053 2637 ab
1081 2577 1231 2638 radicibus

101 2681 285 2740 evulsurum.
330 2676 555 2758 elinguandam
583 2677 709 2754 dedara,
738 2700 777 2740 sc.
801 2679 1004 2754 carnificibus,
1033 2681 1069 2740 cf.
1093 2682 1230 2758 proximo

102 2799 192 2842 versu
210 2777 301 2843 loces.
316 2811 353 2823 -
368 2785 439 2842 243.
463 2782 575 2842 Versus
597 2803 703 2861 parum
725 2785 812 2860 plene
833 2782 978 2856 traditus3
1000 2785 1032 2842 in
1054 2784 1078 2842 Β
1100 2786 1231 2861 primum

102 2885 249 2962 seriptum
277 2891 322 2944 est
349 2885 384 2944 ut
409 2901 458 2946 me
487 2883 537 2946 cut
565 2881 780 2956 castrandum,
815 2885 923 2944 deinde
956 2888 1163 2964 suprascripta
1198 2887 1231 2946 tu

103 2991 133 3044 st
153 2984 217 3060 uir,
242 3005 368 3064 quorum
389 2988 446 3048 hoo
469 2989 638 3066 quidemst
659 3007 763 3048 uerum
781 3007 846 3047 esse
868 2993 994 3066 apparet
1016 2991 1047 3046 et
1068 2991 1100 3046 in
1123 2988 1231 3046 ceteris

102 3087 188 3148 codd.
215 3095 314 3162 ertat;
351 3087 421 3164 ,tn“
453 3091 575 3151 dubium
602 3097 663 3164 est,
694 3111 753 3168 quo
776 3096 894 3150 retento
916 3089 1057 3149 Guietus:
1096 3091 1229 3167 ,impero
1344 3092 1347 3097 ’

104 3197 269 3269 auctorque
297 3208 352 3266 ego
379 3190 479 3265 snm“;
514 3193 589 3252 mihi
614 3190 707 3266 ,tibi“
739 3193 874 3252 sufficere
907 3191 1073 3251 videbatur.
1120 3193 1229 3251 auctor

101 3309 188 3368 tum,
214 3295 250 3354 cf.
270 3294 359 3355 Posn.
386 3297 455 3356 146.
478 3325 521 3384 3-
544 3297 615 3355 244.
641 3296 670 3355 ic
692 3301 775 3355 extat
796 3297 828 3353 in
850 3295 956 3354 ceteris
979 3292 1063 3353 codd.
1108 3294 1229 3352 Miiller.

108 3397 223 3470 „Uideo
237 3417 290 3476 ego
302 3398 417 3458 herois:
441 3417 488 3457 me
499 3397 687 3471 arbitraris“,
706 3397 760 3457 sed
776 3397 875 3458 hiatus
892 3399 923 3456 in
941 3395 1059 3456 diaeresi
1077 3396 1230 3472 legitimus

101 3505 158 3559 cst.
178 3529 223 3542 -
245 3503 316 3560 245.
339 3501 462 3562 amoto
477 3501 577 3562 aetate
594 3521 622 3561 v.
640 3501 747 3580 Amph.
769 3501 861 3561 1025.
896 3495 987 3560 ludos
1002 3493 1103 3574 focius
1120 3499 1229 3577 Amph.

106 3604 176 3663 567.
200 3633 244 3643 -
267 3605 338 3662 246.
367 3619 467 3680 acque
494 3601 582 3680 copia
610 3605 671 3677 est,
705 3623 801 3681 neque
823 3603 948 3681 possim,
984 3603 1020 3662 cf.
1043 3601 1133 3680 Epid.
1160 3603 1229 3662 163.

104 3703 172 3764 Ter.
196 3705 273 3764 Eun.
300 3708 375 3767 638:
402 3707 447 3782 ,si
469 3727 529 3766 non
551 3706 695 3782 tangendi
718 3708 840 3783 copiast,
865 3706 939 3780 Eho,
961 3725 999 3764 ne
1021 3705 1144 3765 uidendi
1167 3707 1231 3782 qui·

105 3807 172 3866 doru
197 3805 294 3868 erit?“
323 3839 360 3852 -
387 3811 458 3869 247.
482 3805 582 3883 fiam,
605 3809 665 3868 vid.
690 3809 738 3868 ed.
761 3810 845 3869 Asin.
870 3811 931 3869 670
949 3810 1069 3868 error.
1093 3837 1135 3848 -
1159 3809 1229 3867 248.

103 3903 255 3986 Sponden
277 3917 347 3985 etc,
377 3913 466 3972 solite
488 3913 656 3990 sponsionis
679 3911 822 3984 formula,
852 3912 887 3978 cl.
912 3911 997 3970 Ourc.
1022 3913 1093 3970 672.
1138 3911 1230 3970 Poen.

108 4012 199 4072 1165.
233 4012 316 4073 Trin.
342 4017 412 4075 502.
446 4015 532 4092 Capi.
557 4017 628 4074 892.
647 4043 690 4054 -
708 4017 779 4073 249.
803 4015 913 4073 Versus
934 4016 1014 4073 iusto
1036 4013 1155 4090 longior
1177 4018 1230 4072 est,

108 4113 274 4174 Francken.
297 4111 394 4191 facito
418 4115 487 4196 (pro
510 4136 569 4194 quo
592 4117 616 4175 B
636 4121 684 4194 ‘pn
705 4137 783 4177 men.
805 4111 932 4190 ,soito“)
957 4115 1090 4188 delebet3
1121 4117 1230 4174 rectius

108 4215 237 4277 Weisius
272 4223 303 4277 et
329 4219 470 4297 Langen,
500 4219 578 4278 Mus.
602 4218 695 4278 Rhen.
719 4219 791 4293 XII,
827 4221 886 4278 431
917 4213 1006 4278 Istuc
1034 4219 1229 4291 sustulerunt,

105 4320 186 4396 quod
202 4321 323 4380 minime
340 4327 444 4399 aptum
467 4327 522 4396 est,
547 4339 725 4400 quamquam
748 4323 847 4399 aliquo
867 4323 956 4382 modo
973 4322 1103 4396 intelligi
1121 4327 1230 4398 potest,

106 4423 133 4479 si
166 4443 232 4484 cum
266 4423 351 4484 oodd.
381 4425 444 4484 hnc
470 4424 562 4484 verba
588 4421 727 4484 Euclioni
759 4425 934 4499 tribuimns3
968 4445 1027 4484 non
1056 4430 1168 4502 potest,
1205 4425 1232 4483 si
