2956 5010
529 509 561 562 V.
583 511 724 564 loo-192.
1125 515 1183 576 541

72 709 204 776 arguunt.
254 701 351 762 Guiet.
374 709 406 762 et
433 702 479 763 Fl.
503 719 556 764 oro
579 709 752 764 omiserunt.
804 699 952 764 Rotioei
979 705 1104 765 Pistoris
1131 726 1187 784 pro

73 805 302 880 interrogatione
330 807 425 884 capit3
460 827 547 884 quem
576 827 641 866 oum
669 807 714 865 ri.
745 813 863 866 secutus
893 827 971 882 sum,
1006 828 1187 886 quemquam

70 913 133 982 post
156 909 423 984 interrogationem
449 905 578 982 „Immo“
601 909 746 969 desidero.
787 909 848 968 Iam
867 911 1066 987 praetulerim:
1094 911 1195 984 „Quia

70 1013 97 1066 te
123 1009 262 1085 prohibet
290 1005 373 1082 erus,
408 1011 483 1070 clam
513 1031 563 1070 ero
592 1015 702 1090 potior.
742 991 805 1071 ¹PL.
841 1011 922 1084 Quin
947 1033 1001 1071 nec
1030 1013 1187 1089 prohibere

71 1109 217 1187 quit“.-
240 1115 309 1171 175.
332 1111 491 1173 Ρ41144444
509 1114 574 1174 heri
593 1133 722 1174 amorem
743 1117 936 1193 impatienter
958 1116 1026 1174 1441.
1062 1111 1186 1188 (lurore,

69 1213 171 1291 441411.
196 1215 269 1274 874.
314 1215 495 1275 1144144444
519 1237 648 1276 umorem
671 1217 794 1294 probat,
826 1219 850 1276 si
874 1219 940 1295 quis
957 1211 1138 1293 pauxillum
1161 1237 1185 1276 s.

68 1317 185 1393 paulum
214 1322 308 1391 amat,
343 1323 374 1376 et
402 1333 491 1392 sone,
526 1322 545 1379 i.
569 1340 594 1379 e.
623 1325 658 1378 ut
685 1322 749 1378 sani
777 1321 912 1379 homines
934 1319 1064 1394 1441441,
1095 1339 1123 1376 v.
1149 1319 1187 1377 ad

69 1418 171 1497 Amph.
197 1421 258 1479 444
289 1439 354 1480 cum
382 1421 537 1481 addendis.
565 1452 609 1462 -
644 1425 713 1482 177.
748 1422 858 1494 totum,
893 1424 1048 1481 141414
1077 1425 1186 1494 animo,

68 1517 213 1582 insonum
235 1543 300 1587 oum
324 1537 431 1582 amore
459 1525 594 1602 iungitur
616 1523 718 1584 eodem
741 1525 829 1583 modo
853 1543 912 1601 quo
935 1545 1029 1601 nuper
1054 1525 1188 1603 „pauxil-

67 1622 154 1684 lum“.
190 1625 305 1690 Nonius
328 1645 357 1704 p.
382 1627 455 1686 127:
484 1627 851 1704 ,14444441444144444
886 1627 1028 1686 Plautus:
1051 1630 1187 1686 insonum

66 1725 150 1784 44144
180 1733 305 1804 uterque
335 1725 483 1788 deamat“.
539 1731 663 1788 Versum
691 1751 756 1788 oum
785 1730 868 1788 hietu
897 1731 927 1787 iu
958 1729 1086 1802 41444441,
1118 1735 1187 1807 4441

66 1841 178 1904 amore,
208 1830 367 1904 legendum
392 1851 455 1890 esse
479 1833 567 1891 oredo
595 1852 660 1892 cum
684 1832 811 1891 Luchsio
838 1835 868 1890 in
897 1831 1030 1891 Studem.
1054 1830 1140 1892 8144.
1163 1834 1186 1907 1,

64 1949 91 2007 p.
116 1932 165 1992 60.
213 1932 348 1992 Ceterum
372 1933 427 1993 hos
449 1941 511 1993 tres
533 1953 636 1994 versus
658 1934 816 1993 Palinurus
839 1954 937 1992 seeum
960 1934 1047 2006 dicit,
1077 1941 1112 1992 ut
1134 1954 1188 1992 444

67 2053 81 2089 4
114 2039 224 2094 4414414
257 2035 419 2094 audiantur
452 2057 506 2094 uec
540 2039 702 2095 amantium
740 2037 920 2114 colloquium
959 2039 1186 2114 interrumpent.

63 2133 105 2195 Fi.
131 2157 183 2196 eos
206 2139 305 2196 versui
331 2141 390 2198 180
413 2143 592 2218 postposuit,
615 2141 666 2197 vix
688 2141 763 2198 iure.
787 2169 829 2180 -
854 2141 924 2198 178.
955 2139 1033 2197 Ante
1056 2135 1188 2198 honores

63 2237 175 2313 hiatus,
200 2240 236 2299 of.
255 2239 370 2318 Proleg.
396 2263 425 2320 p.
446 2243 517 2301 224.
563 2241 683 2301 Mulier.
707 2241 831 2302 Prosod.
849 2263 879 2320 p.
900 2243 961 2300 704
985 2241 1071 2316 legit:
1107 2241 1187 2313 ,Sibi

62 2340 191 2401 honores
208 2341 295 2401 sibi“.
314 2373 357 2384 -
377 2345 446 2404 180.
471 2339 650 2404 abstineant
666 2341 817 2418 inuidere,
842 2345 878 2404 cf.
904 2343 1024 2404 844144.
1048 2343 1114 2401 Tib.
1134 2346 1190 2415 234,

64 2446 204 2521 „quaudo
215 2447 258 2504 114
270 2445 388 2523 proefsri
402 2465 461 2505 uon
475 2443 684 2507 abstinuerit“.
697 2477 740 2486 —
760 2449 829 2506 181.
848 2447 909 2506 Iam
928 2465 1017 2506 morse
1030 2449 1187 2524 impatiens

62 2547 165 2608 herum
180 2555 279 2607 monet
290 2550 432 2608 maiorem
447 2551 543 2608 444114
560 2553 675 2628 purtem
695 2557 826 2608 exactam
845 2569 917 2609 esse.
931 2581 972 2589 -
986 2551 1055 2609 182.
1074 2545 1138 2623 hoo,
1158 2569 1186 2608 v.

62 2650 307 2730 erumpnoso.
342 2647 408 2711 luce
427 2647 546 2726 lucebit,
571 2655 713 2732 repetitio
731 2659 830 2728 auget.
849 2683 892 2694 -
911 2653 980 2712 185.
1004 2627 1037 2712 iu
1059 2653 1083 2711 B
1105 2655 1189 2729 prius

60 2760 215 2828 omiserat,
228 2759 334 2833 postes
346 2755 471 2814 addidit.
484 2785 527 2796 -
545 2752 668 2816 inscitia
681 2760 743 2816 eius
757 2761 809 2830 est,
834 2758 885 2833 qui
899 2757 969 2814 14411
986 2756 1065 2832 quod
1082 2775 1188 2833 parum

62 2860 227 2932 conveniat,
252 2857 288 2916 of.
309 2857 347 2916 ud
366 2857 472 2916 Bacch.
500 2861 589 2918 1074.
608 2887 650 2900 -
670 2860 738 2918 186.
762 2853 909 2918 Irosooro
925 2857 970 2917 Fl.
992 2879 1045 2917 em.
1069 2859 1189 2917 iubente

61 2959 233 3038 hypothesi.
251 2989 293 3000 --
317 2954 420 3033 Ilicet,
445 2967 541 3019 sotum
567 2967 622 3034 441,
646 2983 673 3021 v.
691 2962 798 3038 Amph.
819 2962 889 3020 334.
907 2990 950 3000 -
975 2962 1044 3020 189.
1068 2955 1188 3033 Etiam,
1301 3029 1304 3036 ⁴

61 3065 97 3122 41.
122 3067 176 3124 41.
222 3059 449 3139 dispertimioi3
485 3066 611 3122 creticus
646 3083 760 3128 vocem.
780 3065 943 3122 terminans
973 3081 1029 3139 pro
1057 3061 1189 3121 trochaeo

60 3171 132 3243 poni
162 3167 214 3226 vix
242 3171 353 3244 potest.
405 3166 523 3225 Mulier.
552 3168 723 3243 proposuit:
761 3163 1014 3240 ,disiungimini“.
1060 3165 1189 3223 Facilius

61 3270 91 3326 in
114 3271 262 3346 proximis
286 3269 407 3328 verbum
431 3269 648 3328 substantivum
668 3273 720 3327 aut-
737 3270 888 3326 0mittitur
905 3261 956 3326 aut
972 3267 1188 3344 transponitur,

60 3373 144 3447 quod
169 3373 235 3431 1441.
280 3371 392 3430 Eadem
415 3374 564 3431 sententia
586 3371 661 3431 (1141.
681 3373 755 3431 191:
783 3371 842 3444 „Ut
864 3376 934 3429 sunt
954 3371 1091 3444 humana,
1115 3370 1191 3428 nihil

59 3479 107 3531 est
124 3483 307 3552 perpetuum
325 3470 458 3534 datum“.
476 3477 607 3534 -·1oo.
631 3473 679 3533 ost
700 3479 783 3532 extat
805 3475 835 3531 in
853 3476 959 3534 ceteris
978 3473 1064 3533 codd.
1085 3469 1191 3532 odium

62 3577 154 3635 homo
178 3575 307 3637 odiosus.
335 3573 538 3653 propudium,
563 3578 599 3636 41.
623 3577 727 3636 Bacch.
754 3578 823 3635 577.
848 3605 891 3616 -
917 3573 985 3634 191.
1008 3575 1066 3634 Pro
1091 3571 1191 3636 oculis

59 3677 84 3737 B
109 3680 149 3738 ab
172 3681 260 3738 initio
293 3675 448 3754 „osculis“,
477 3679 530 3738 sed
554 3699 567 3738 s
598 3699 712 3738 erasum
742 3683 794 3738 est.
851 3677 1024 3737 Conuiuium
1052 3699 1191 3756 regerere

58 3781 188 3840 studens
213 3781 314 3842 oculos
344 3785 423 3856 eius,
454 3803 528 3860 quos
556 3783 643 3840 144114
672 3781 850 3841 crediderim
877 3799 999 3859 magnos
1028 3787 1058 3839 41
1085 3800 1191 3856 graves

59 3885 173 3958 fuisse,
208 3903 274 3944 oum
301 3889 417 3944 noctus
447 3886 540 3943 oculis
563 3891 731 3962 comperet,
766 3884 846 3962 quod
869 3903 928 3961 quo
951 3885 1039 3942 modo
1062 3883 1100 3942 44
1123 3903 1191 3941 444-

58 3991 188 4047 turnum
206 3990 367 4046 amantium
387 3987 578 4063 colloquium,
601 3993 635 4046 ut
654 3989 750 4046 voluit
765 3987 900 4046 Merolin.
914 3985 978 4046 lnd.
991 3985 1083 4064 Dorp.
1096 4007 1125 4064 p.
1142 3989 1189 4060 12,

59 4091 173 4148 referri
195 4093 301 4169 possit,
325 4109 383 4148 uon
406 4089 553 4165 intelligo.
577 4119 618 4130 -
644 4091 713 4149 192.
731 4085 858 4165 porsolo
880 4094 925 4148 est
946 4091 977 4147 in
999 4087 1037 4162 B,
1056 4083 1193 4164 porsoloe

59 4194 93 4252 in
119 4193 186 4252 cod.
209 4193 302 4267 Brit.;
326 4193 393 4252 edd.
420 4189 600 4269 „persolla“,
624 4191 736 4268 duplici
758 4192 778 4266 l,
809 4198 856 4250 est
878 4193 954 4250 enim
978 4190 1191 4249 deminutivum

57 4315 78 4354 a
95 4315 229 4373 persona
245 4294 375 4370 ductum,
399 4301 433 4354 ut
449 4300 530 4354 recte
548 4295 694 4371 glossarii,
717 4315 745 4354 v.
763 4295 879 4368 Loewe,
897 4295 1053 4353 Prodrom.
1071 4314 1101 4370 p.
1115 4296 1192 4368 2613

60 4419 135 4457 nam
159 4397 304 4458 Sslmssio
327 4417 413 4468 nemo
436 4397 524 4456 facile
547 4397 648 4456 credet
672 4397 824 4474 „persolas
840 4394 953 4474 nugss“
978 4397 1065 4469 solas,
1088 4396 1191 4469 nudas,
