2932 5010
559 547 593 602 v.
610 549 754 642 55-55.
1159 555 1219 616 55

90 738 260 800 Strobilum
280 742 580 802 615551551551551ε
619 741 742 818 „Euolio
764 748 865 824 potins
887 747 1001 822 gratias
1029 743 1102 803 mihi
1131 763 1220 820 agera
1320 779 1327 792 ·

89 843 207 917 debuit,
243 848 295 923 qui
324 844 400 905 nihil
422 839 626 918 abstulerim“,
658 845 689 904 id
717 866 771 907 uos
793 849 962 923 intelligere
983 848 1103 920 volunt,
1138 848 1220 924 quod

88 927 239 1023 duaquhm
277 947 470 1023 significatur.
532 945 592 1006 Sed
624 947 723 1008 hiatus
753 957 823 1028 post
855 946 967 1024 „male“
1003 969 1109 1028 parum
1143 950 1220 1010 veri·

96 1049 215 1122 similis,
240 1069 334 1127 quare
350 1049 442 1108 Weis.
465 1050 546 1126 „agit
567 1045 675 1123 male“,
699 1051 805 1128 Wagn.
832 1055 962 1131 „gratias
985 1049 1077 1130 agit“;
1101 1051 1218 1112 1151155.

93 1147 208 1226 ,551113
244 1171 310 1229 qum
333 1153 433 1211 omnia
454 1151 605 1230 improbat
627 1151 752 1227 Luchs,
789 1155 924 1216 Studsm.
947 1153 1033 1214 Stud.
1056 1153 1085 1228 1,
1113 1175 1143 1232 p.
1169 1156 1218 1228 23,

88 1255 158 1330 ipse
189 1255 363 1313 ooniioiens:
407 1249 506 1327 „Uahl
540 1260 575 1312 ut
602 1255 708 1314 male“.
761 1258 855 1318 Kooh.
879 1260 911 1316 in
932 1257 1009 1316 Anu.
1033 1256 1106 1335 phil.
1131 1255 1219 1330 (ΝΠ,

90 1357 178 1414 842;
223 1355 329 1430 „Haud
362 1357 439 1416 mals
473 1353 521 1416 hio
555 1361 618 1432 egit
649 1357 791 1435 gratias“.
825 1389 868 1400 -
902 1361 972 1419 651.
1013 1353 1087 1418 binc
1119 1361 1220 1418 omisit

88 1457 208 1518 Nonius
220 1479 250 1536 p.
266 1461 335 1530 172,
355 1459 446 1536 idque
465 1463 592 1518 metrum
607 1461 802 1520 commendat.
846 1455 1020 1522 8051555545
1043 1466 1088 1520 551
1111 1463 1219 1536 555155,

88 1581 162 1619 rara
191 1580 270 1634 vox;
310 1559 494 1620 restituenda
534 1562 655 1621 videtur
690 1563 809 1624 Tmoul.
847 1565 929 1622 434:
972 1562 1048 1638 „Sed
1087 1565 1221 1622 sooieuni

89 1660 311 1722 unanimantis“
345 1659 461 1735 (oodd.:
485 1661 581 1734 55115).
604 1694 647 1706 -
678 1661 931 1744 intermitterem,
967 1665 1002 1725 ol.
1034 1665 1112 1726 Rud.
1143 1667 1219 1726 655:

92 1766 172 1839 „Qui
206 1764 357 1824 sacerdoti
395 1765 535 1824 scelestus
574 1766 673 1826 fauces
714 1765 970 1844 interpresseris“.
1003 1795 1046 1808 ·-·
1086 1767 1156 1824 652.
1191 1767 1220 1824 te

88 1864 218 1928 uideam
236 1867 338 1940 oodd.;
367 1867 454 1926 Both.
475 1873 506 1926 et
531 1872 661 1928 numeris
687 1875 718 1928 51
740 1890 828 1930 55555
844 1871 1028 1947 postulante:
1052 1864 1220 1941 revideam,

89 1971 129 2030 of.
148 1969 270 2029 Trucul.
290 1971 367 2029 319:
395 1969 497 2042 „Nune
522 1970 560 2029 ad
584 1991 664 2029 eram
686 1969 858 2032 renidebo“.
904 1971 948 2031 Ds
971 1974 1080 2032 omisso
1103 1970 1219 2029 obiecto

90 2071 154 2132 vid.
178 2072 216 2130 ad
238 2073 322 2132 Asin.
348 2073 418 2131 392.

179 2175 252 2233 653.
286 2173 364 2232 Dum
386 2173 491 2233 Euclio
519 2175 619 2234 fanum
650 2179 761 2247 intrat,
796 2175 945 2236 Strobilos
973 2177 1098 2234 senariis
1121 2187 1231 2233 senum

89 2278 218 2354 loquens
241 2279 391 2352 promittit
413 2278 487 2350 lore,
516 2283 551 2336 ut
573 2298 677 2338 aurum
706 2278 830 2338 auferat.
874 2272 1062 2338 Ernortuum
1084 2289 1133 2336 me
1153 2291 1219 2337 lna·

89 2374 205 2452 uelim,
239 2379 276 2438 51.
304 2379 412 2456 Amph.
439 2381 530 2440 1011.
560 2409 603 2420 -
634 2381 704 2439 654.
740 2376 809 2440 dem
836 2376 991 2452 insidiam
1026 2378 1117 2439 Gron.
1142 2379 1218 2438 oonf.

90 2483 160 2542 Mil.
175 2485 246 2542 305.
280 2481 386 2540 Ρ5555.
413 2483 484 2542 598.
511 2484 601 2542 1235.
621 2512 663 2524 -
681 2477 949 2560 6551551155
970 2483 1079 2541 hiatus.
1104 2482 1218 2541 Camsr.

95 2579 282 2661 „Namqus“.
330 2584 449 2644 Miller.
476 2583 620 2656 „iterum“
653 2585 792 2646 addebat.
827 2615 869 2626 —-
903 2588 972 2645 656.
1008 2583 1123 2662 ecferet
1149 2585 1219 2643 olim

91 2709 148 2748 em.
170 2717 214 2727 -
244 2688 314 2746 657.
348 2681 432 2761 foris
462 2683 593 2761 crepuit,
612 2687 665 2750 51.
689 2688 796 2766 Amph.
826 2689 898 2748 492.
955 2686 986 2746 si
1009 2707 1110 2746 versus
1138 2693 1219 2745 reete

89 2790 223 2851 traditus
256 2797 316 2864 551,
349 2789 397 2848 515
425 2790 708 2867 proceleusmaticus
742 2797 795 2851 est.
829 2821 865 2830 -
905 2793 975 2850 658.
1010 2787 1052 2849 ad
1077 2787 1217 2862 ianuam,

90 2892 250 2969 Megadori
279 2892 403 2964 sedium,
437 2890 542 2964 oredo,
577 2893 607 2950 in
641 2895 724 2951 ouius
756 2891 862 2952 umbra
895 2892 1010 2951 latebit.
1066 2891 1219 2950 Acidaliua

95 2995 184 3070 „hino
208 2994 246 3052 ab
268 2990 374 3052 ianua“
400 2993 462 3052 lani
483 2993 564 3052 sores
588 2995 766 3068 intelligens.

180 3095 474 3156 bonmolinum
497 3096 587 3154 ollam
611 3115 709 3155 secum
732 3097 844 3169 ferens,
875 3115 964 3172 quam
986 3097 1017 3154 in
1041 3094 1126 3152 Fidei
1148 3093 1218 3152 1555

89 3220 200 3280 parum
222 3204 320 3258 tutam
343 3198 447 3259 eredit.
491 3198 604 3258 Charis.
627 3217 657 3274 p.
681 3200 721 3257 70
746 3197 840 3257 Keil:
872 3196 964 3272 „fides
987 3217 1052 3256 oum
1076 3195 1218 3254 chordam

93 3301 257 3380 significat,
291 3301 378 3361 huius
400 3301 468 3360 fidis
490 3301 578 3374 facit,
613 3321 678 3360 oum
702 3300 801 3372 deam,
835 3299 923 3358 huius
946 3299 1046 3371 Fidei,
1082 3299 1218 3374 quemvis

91 3405 221 3466 Plautus
244 3404 370 3462 dixerit:
411 3403 674 3468 Fideioensebam
697 3399 773 3463 sto.“
830 3401 981 3462 Charisius
1007 3397 1101 3476 „fids“
1127 3401 1218 3477 scrip-

91 3511 167 3569 sisse
190 3507 325 3580 videtur,
358 3513 393 3566 ut
422 3507 487 3584 ipsa
516 3509 665 3584 scriptura
692 3525 792 3564 vocem
822 3505 998 3582 bisyllabam
1022 3523 1085 3562 5555
1107 3501 1219 3578 signifi·

93 3615 192 3682 caret,
216 3629 243 3666 v.
268 3607 306 3666 ad
329 3609 400 3668 607.
430 3637 473 3648 -
501 3611 572 3668 660.
607 3604 744 3669 subleuat
765 3615 796 3668 et
817 3607 914 3667 Varro
943 3606 1023 3685 apud
1046 3605 1159 3666 Charis.
1188 3625 1217 3682 p.

95 3715 155 3773 189
180 3711 218 3771 Κ.
243 3713 273 3769 51
301 3711 417 3770 Nonius
447 3731 477 3789 p.
501 3713 556 3784 45,
584 3713 650 3788 qui:
688 3710 844 3785 ,Subleuit
876 3708 1025 3785 signifieat
1057 3709 1153 3768 illusit
1186 3715 1217 3765 et

92 3835 149 3896 pro
172 3813 299 3872 ridiculo
322 3813 443 3884 habuit,
474 3819 603 3872 tractum
628 3834 777 3891 agenore
806 3813 884 3887 ludi,
916 3833 974 3890 quo
1002 3811 1218 3870 dormientibus

93 3938 148 3979 ora
174 3913 370 3993 pinguntur“.
431 3915 586 3974 Eiusmodi
619 3916 788 3976 ludibrium
810 3916 969 3975 Petronius
1004 3921 1219 3974 commemorat

93 4042 118 4082 5.
145 4022 195 4092 22,
213 4039 231 4077 5
252 4018 359 4078 Plauto
382 4019 512 4077 alienum
535 4023 589 4077 est.
635 4018 675 4077 05
697 4019 847 4078 sublinere
872 4019 961 4077 alicui
986 4025 1030 4076 551
1057 4018 1219 4094 praestigiis

93 4121 206 4182 oblatis
234 4121 335 4180 oculos
362 4121 486 4180 turbare
514 4125 544 4177 51
572 4140 663 4180 oaeeos
691 4121 831 4193 reddere,
868 4121 903 4179 of.
934 4120 1018 4196 Capt.
1051 4121 1121 4178 650.
1147 4121 1217 4178 777.

93 4225 179 4286 Cure.
211 4221 281 4282 589.
331 4222 419 4300 Epid.
448 4225 519 4282 425.
564 4222 629 4282 Mil.
663 4225 732 4282 110.
782 4223 874 4282 Mero.
899 4223 970 4282 476.
1015 4221 1122 4280 Pseud.
1147 4222 1217 4280 724.

93 4329 177 4388 Triu.
203 4328 276 4386 556.
299 4355 342 4367 -ι
362 4321 583 4401 posuissem,
617 4323 653 4384 51.
677 4325 749 4385 456.
776 4355 813 4366 -
844 4327 915 4384 661.
940 4339 1065 4400 coruos,
1095 4343 1121 4382 v.
1147 4325 1218 4383 616.

91 4426 274 4510 periissem,
298 4425 396 4488 Guist.
422 4457 458 4468 -
491 4428 561 4488 662.
597 4441 722 4488 coruom
744 4424 787 4487 od
807 4441 855 4488 me
876 4424 984 4487 ueniat
1005 4423 1114 4499 55165,
1149 4432 1220 4485 nota
