2956 5010
265 483 329 544 522
766 477 885 548 Captiui.

353 673 423 731 993.
454 671 618 747 Tyndarus,
643 691 713 748 qua*
731 675 762 732 in
784 673 953 750 lapicidinis
975 693 1079 750 passus
1101 673 1151 744 sit,
1176 675 1275 732 servili
1298 677 1383 733 modo

267 774 416 832 describit.
446 801 488 814 -
514 768 699 846 Acherunti,
731 779 760 834 in
784 775 876 850 Orco,
907 797 934 834 v.
960 776 1030 834 683.
1075 774 1161 834 Tslia
1183 793 1262 853 soepe
1283 777 1384 855 pinge·

265 877 340 934 bant
361 878 486 953 antiqui.
526 876 730 936 celeberrime
753 887 822 936 siint
843 881 944 935 emim
966 877 1123 954 Polygnoti
1141 877 1264 954 Delphis
1284 874 1383 956 (Puus.

265 978 304 1050 X,
329 979 368 1038 28
391 977 448 1055 sq.)
471 985 503 1036 st
524 977 617 1038 Nicia
638 979 763 1038 Athenis
789 977 868 1053 (Plin
891 980 927 1038 Η.
951 979 987 1038 N.
1006 979 1129 1050 XXXV,
1158 983 1203 1052 11,
1228 983 1277 1053 40,
1304 982 1383 1051 132).

266 1079 481 1141 Demosthenes
514 1083 646 1156 Aristog.
680 1083 708 1155 l,
744 1085 782 1142 52
816 1085 963 1142 rationem
1004 1089 1228 1154 commemorat,
1268 1104 1329 1160 qua
1361 1086 1385 1141 ol

266 1187 405 1263 ζωγράφοι
433 1185 493 1248 τοὺς
521 1183 624 1258 ἀσεβεῖς
651 1189 678 1240 ἐν
702 1185 789 1242 Ἅιδου
811 1187 971 1262 γράφουσιν.
1025 1185 1073 1242 Ad
1101 1191 1237 1243 nostrum
1269 1191 1386 1262 tempu!

261 1293 364 1346 nutem
386 1305 458 1345 vasa
479 1284 583 1344 fictilia
610 1285 666 1345 hoo
688 1293 862 1364 argumento
885 1293 991 1346 ornata
1022 1292 1237 1364 pervenerunt,
1266 1305 1293 1346 v.
1317 1287 1386 1346 Ger

265 1390 350 1450 liard.
380 1388 517 1448 Archeol.
540 1389 669 1464 Zeitung
690 1389 718 1462 l,
745 1392 780 1448 ll
806 1409 850 1466 sq.
880 1419 920 1430 -
956 1389 1026 1448 994.
1060 1382 1149 1448 nulla
1177 1384 1313 1466 adaeque
1341 1391 1388 1448 eet

265 1487 444 1566 Achenum,
479 1493 498 1551 i.
523 1513 547 1550 e.
571 1491 669 1550 nullus
697 1493 778 1550 locus
807 1511 841 1549 eo
870 1495 934 1551 iure
965 1493 1117 1550 Acheruns
1147 1493 1246 1550 vocari
1275 1498 1386 1568 potest,
1460 1561 1461 1572 2

262 1615 326 1672 quo
349 1597 384 1666 is,
408 1594 459 1652 ubi
482 1611 537 1668 ego
560 1593 612 1667 tui,
635 1589 885 1668 011οΜ611066,
909 1595 963 1652 hoc
986 1595 1062 1652 enim
1085 1596 1254 1670 appositum
1272 1601 1319 1652 ost
1336 1595 1386 1652 ad-

267 1697 362 1756 verbii
386 1691 446 1756 ubi.
472 1725 513 1736 -
536 1698 607 1756 995.
629 1691 673 1756 tbi
695 1693 832 1770 doenum,
863 1697 899 1756 oi.
923 1697 1028 1756 Bacch.
1056 1697 1146 1754 1096.
1191 1691 1257 1756 illic
1278 1715 1386 1772 prouo-

265 1819 334 1858 men
358 1806 410 1858 est.
456 1798 502 1856 lbi
524 1799 656 1870 demum,
680 1801 790 1874 inquit,
821 1800 870 1858 ille
893 1801 974 1858 locus
996 1806 1056 1872 est,
1088 1799 1138 1858 ubi
1161 1799 1303 1857 lassitudo
1326 1819 1386 1858 non

264 1906 377 1979 quiete,
401 1901 453 1958 ssd
476 1921 552 1960 novo
575 1901 674 1960 lubore
697 1903 864 1979 superanda
887 1908 940 1960 est.
964 1931 1006 1942 —
1026 1902 1096 1960 996.
1131 1899 1232 1960 omm'e
1249 1898 1384 1960 Eindem.

266 2006 375 2081 aliique
404 2005 565 2062 omiserunt
592 2009 685 2062 metro
709 2004 838 2064 iubente.
864 2033 902 2044 -
932 2007 1002 2064 997.
1030 2000 1196 2079 patrisne,
1228 2004 1385 2076 nobilibus,

266 2107 429 2184 opulentis.
470 2105 574 2164 Pueris
596 2111 627 2163 et
650 2106 729 2183 apud
753 2106 870 2166 Grecos
893 2113 923 2165 et
944 2107 1024 2183 apud
1047 2105 1195 2164 Romnum
1218 2127 1285 2166 aves
1306 2126 1386 2184 scope

266 2208 422 2280 dabantur,
447 2208 621 2284 quibusoam
644 2207 789 2281 luderent,
814 2209 849 2268 cl.
868 2209 945 2268 Plin.
966 2189 1089 2285 up.1v',
1110 2211 1138 2280 9,
1158 2211 1193 2266 3;
1231 2207 1387 2280 „Hsbebst

264 2331 340 2388 puer
436 2311 583 2384 luscinias,
607 2311 757 2387 psittacos,
781 2294 941 2370 6666616611.Ι
973 2306 1142 2382 monetula,
1167 2331 1195 2369 v.
1213 2313 1295 2370 Asin.
1313 2313 1385 2370 687.

268 2445 310 2454 -
333 2416 403 2474 998.
428 2409 539 2486 anites,
563 2433 591 2472 v.
614 2413 697 2472 Asin.
723 2416 793 2474 686.
830 2414 983 2472 6016661.
1007 2413 1093 2472 codd.
1116 2443 1158 2452 -
1183 2415 1253 2472 999.
1277 2429 1387 2488 upupa

265 2537 327 2574 non
350 2516 442 2574 solum
473 2517 535 2574 svis
564 2515 733 2588 dicebatur,
767 2515 1023 2576 utaitPIin.11.
1048 2515 1084 2575 N.
1107 2515 1149 2588 X,
1175 2518 1229 2587 29,
1252 2517 1309 2586 44,
1335 2517 1385 2586 86,

265 2618 417 2690 ,obscena
438 2623 541 2694 pastu,
565 2621 657 2678 crista
679 2619 801 2678 visenda
823 2619 965 2696 plicatili,
995 2619 1174 2677 contrahens
1203 2638 1267 2676 eam
1290 2617 1384 2676 subri-

267 2739 399 2795 gensque
422 2740 475 2796 per
497 2720 714 2798 longitudinem
737 2717 876 2799 capitis“,
901 2721 1057 2780 sedetiam
1075 2720 1176 2778 mallei
1199 2739 1299 2794 genus,
1322 2721 1382 2777 sive

263 2843 327 2900 quo
357 2823 415 2881 clio
443 2825 561 2883 nomine
592 2823 702 2882 famum
735 2825 809 2883 illud
842 2823 1052 2902 appellandum
1073 2829 1147 2901 ¹est,
1182 2841 1240 2898 quo
1273 2819 1383 2898 lapides

266 2925 485 2986 effodiebantur
506 2913 823 2998 vsl'sxtrshebsntnr,
858 2925 959 3004 qualia
988 2945 1067 3004 sospe
1095 2929 1126 2982 in
1155 2924 1317 3002 perietibus
1341 2943 1382 2980 se·

264 3031 458 3106 pulchrorum
488 3029 723 3088 Christionorum
751 3029 878 3088 fossores
906 3035 1055 3104 gestantes
1084 3027 1313 3105 conspiciuntur.
1343 3053 1383 3064 -

264 3127 412 3192 delectem
444 3133 515 3190 olim
547 3131 749 3205 emendatum
784 3131 994 3208 expectabatur
1031 3129 1257 3202 „delectarem“,
1291 3133 1317 3186 i.
1347 3127 1381 3186 sd

266 3236 375 3313 Amph.
402 3237 470 3295 192.

355 3339 445 3397 1001.
475 3330 584 3396 Rediit
606 3337 677 3396 olim
700 3337 895 3396 emendatum.
922 3365 958 3376 -
985 3335 1057 3394 Post
1080 3327 1175 3394 Sotae
1196 3337 1308 3406 hiatus;
1337 3333 1380 3392 Fl.

263 3435 447 3514 ¹„Salueto“;
471 3438 565 3518 Gepp.
589 3439 707 3498 Mulier.
731 3439 780 3498 Br.
802 3459 837 3512 „o
856 3437 1026 3516 exoptate“.
1047 3467 1084 3478 -
1107 3432 1189 3514 0001
1208 3437 1298 3514 pesulo
1317 3429 1380 3494 mi?

264 3542 366 3600 Verba
387 3544 505 3618 repetit,
529 3549 564 3601 ut
585 3543 726 3602 rationem
750 3561 851 3601 eorum
874 3546 1004 3618 quierat,
1028 3541 1064 3600 ci.
1088 3540 1193 3598 Bacch.
1221 3541 1288 3599 112.
1314 3539 1379 3596 145.

264 3647 339 3703 667.
365 3645 431 3715 ulia,
456 3663 521 3720 quae
544 3645 631 3704 affert
649 3645 767 3704 Miller.
780 3643 904 3704 Prosod.
917 3663 945 3719 p.
963 3645 1020 3702 176
1041 3663 1084 3720 eq.
1103 3671 1147 3682 -
1172 3645 1262 3702 1002.
1285 3637 1379 3710 Aeni,

266 3767 294 3806 v.
318 3747 425 3822 Amph.
450 3748 519 3805 259.
565 3747 720 3823 Tyndarus
748 3747 839 3805 rideri
868 3767 899 3804 se
928 3765 1050 3804 censens
1073 3745 1236 3821 Hegionem
1264 3749 1305 3804 sit
1331 3764 1379 3820 pa·

265 3854 340 3908 trem
364 3869 449 3907 suum
471 3853 572 3908 vocori
594 3869 690 3926 posse,
716 3851 786 3926 quia
809 3849 866 3910 sibi
888 3849 962 3907 lucis
985 3853 1090 3906 auctor
1112 3849 1160 3920 eit,
1186 3867 1277 3924 quum
1296 3867 1325 3905 sc
1346 3865 1380 3902 ex

265 3951 435 4028 lapicidinis
457 3951 658 4010 subterraneis
686 3951 848 4010 reduxerit.
906 3965 973 4009 esse
1002 3943 1174 4009 adamans
1203 3949 1381 4025 transposuit

269 4054 313 4112 Fl.
337 4083 379 4092 —
409 4055 499 4113 1003.
528 4049 613 4128 mitti,
642 4055 689 4112 vel
711 4057 759 4126 mi,
783 4073 847 4112 cum
870 4056 1006 4129 proximo
1034 4051 1186 4110 coalescit.
1214 4081 1257 4092 -
1283 4044 1382 4110 eamd

267 4157 333 4216 cod.
363 4157 402 4230 B,
443 4177 495 4214 noo
529 4163 645 4216 mutere
679 4157 785 4229 audeo,
826 4156 877 4214 sed
910 4155 980 4214 inde
1014 4173 1072 4213 non
1105 4153 1252 4226 efficitur,
1292 4153 1379 4210 lneem

266 4261 419 4318 masculini
452 4262 569 4336 generis
603 4279 665 4318 esse
705 4247 757 4333 (ch
785 4259 823 4318 od
852 4259 919 4318 Aul.
951 4254 1041 4331 741),
1082 4257 1139 4316 hoc
1177 4259 1254 4316 enim
1287 4256 1380 4333 potius

265 4364 398 4437 pertinet
443 4362 481 4419 nd
526 4363 704 4439 singularem
743 4361 826 4420 illuni
865 4363 995 4438 entique
1034 4359 1257 4418 consuetudinis
1293 4375 1379 4424 usum,
