2922 5006
83 523 114 588 V,
122 527 147 592 2,
164 527 267 580 22-31
582 525 721 580 Curculio.

509 715 784 782 Phaedromus

622 823 714 888 Licet
736 820 919 906 antestari?

454 955 840 1039 Therapontigonus

961 1057 1037 1123 Non
1058 1057 1144 1122 licet.

510 1171 787 1237 Phaedromus

79 1277 249 1364 [Juppiter
272 1286 306 1344 te
329 1281 414 1346 male
437 1281 572 1370 perdat3
595 1281 773 1345 intestatus
797 1275 927 1358 uiuite]

78 1388 119 1452 At
140 1409 213 1470 ego,
237 1408 337 1472 quem
359 1389 445 1468 licet,
469 1395 520 1454 te:
559 1387 686 1453 Accede
709 1387 783 1452 huc.

449 1517 842 1604 Therapontigonus

740 1625 877 1692 Seruum
899 1623 1081 1688 antestari?

549 1733 748 1800 Curculio

1118 1836 1211 1916 Uide‚

77 1949 170 2030 Hem,
196 1957 236 2016 ut
260 1951 345 2017 scias
367 1973 418 2018 me
440 1951 581 2017 liberum
604 1971 685 2016 esse.
732 1949 819 2032 Ergo
843 1948 975 2014 ambula
996 1949 1030 2012 in
1054 1949 1114 2012 ius.

459 2082 840 2162 Therapontiyouus

1054 2185 1115 2251 Em
1137 2186 1208 2250 tibi.

549 2297 746 2365 Curculio

78 2406 233 2486 Ociues,
258 2407 354 2472 ciues.

458 2515 838 2599 Therapontigonus

410 2621 497 2699 Quid
520 2622 665 2688 clamas?

502 2753 781 2820 Phaedromus

668 2863 752 2942 Quid
774 2864 836 2929 tibi
858 2865 957 2928 istum
979 2862 1137 2927 tactiost?
1156 2877 1207 2930 625

453 2987 837 3073 Therapontigonus

75 3092 159 3169 Quia
185 3094 266 3158 mihi
289 3094 470 3161 lubitumst.

506 3204 779 3270 Phaedromus

366 3312 493 3378 Accede
516 3312 582 3378 huc
604 3319 656 3394 tu;
680 3333 739 3396 ego
762 3312 855 3377 illum
877 3312 938 3377 tibi
961 3309 1093 3390 dedam;
1118 3316 1202 3375 tace.

545 3419 742 3486 Curculio

75 3526 292 3606 Phaedrome,
315 3527 462 3608 obsecro,
485 3549 582 3595 serua
603 3551 663 3594 me.
725 3513 728 3520 ¹

505 3636 777 3703 Phaedromus

597 3745 779 3830 Tamquam
802 3765 853 3810 me
876 3749 910 3810 et
931 3747 1063 3828 genium
1086 3769 1204 3812 meum.

75 3850 178 3930 Miles,
204 3871 336 3934 quaeso,
360 3861 396 3917 ut
420 3859 453 3916 tar
472 3853 551 3918 mihi
575 3853 676 3934 dicas,
699 3854 785 3919 unde
809 3853 901 3918 illum
919 3853 1041 3919 habeas
1060 3855 1204 3935 anulum,

77 3957 181 4035 Quem
205 3961 373 4043 parasitus
395 3960 448 4026 hic
470 3967 504 4026 tc
528 3962 634 4027 elusit.

143 4239 195 4292 621
215 4235 296 4292 Licet
313 4241 344 4292 te
362 4239 498 4294 antestari
564 4241 615 4293 623
633 4213 707 4292 Mun
729 4241 766 4293 At
785 4255 837 4309 ego
856 4257 939 4308 quem
957 4240 1025 4294 licet
1042 4245 1079 4293 te.
1101 4240 1204 4294 accede

78 4318 138 4374 hnc.
157 4321 239 4377 GUR.
260 4321 359 4377 Serum
378 4325 521 4379 antestari.
542 4324 578 4378 M.
597 4323 662 4377 uide
754 4327 806 4379 624
829 4326 859 4380 in
876 4327 928 4380 ius.
948 4343 992 4380 em
1010 4325 1062 4380 tibi
1154 4327 1204 4379 626

79 4401 168 4460 Oom.
244 4407 331 4462 istum
348 4409 401 4462 tibi
470 4410 521 4463 628
538 4415 571 4464 tn
589 4425 639 4463 cas.

969 4517 999 4566 17
