2960 5012
258 497 300 557 V1
748 489 889 546 Praelatio.

257 685 317 746 sed
344 685 450 744 horum
479 705 598 763 quoque
625 703 692 764 qua
721 686 888 744 necessaria
915 691 1000 758 eunt,
1034 687 1065 744 in
1093 688 1305 744 commentario
1336 687 1379 744 in·

257 796 426 854 venientur.
482 793 594 853 Fateor
621 795 730 871 igitur,
764 793 844 870 quod
870 795 901 852 in
928 795 1028 870 priore
1057 794 1206 852 volumine
1238 791 1280 872 (p.
1307 792 1380 864 154)
1474 841 1475 848 ,

258 903 353 962 fassus
377 923 468 976 eram,
492 907 669 980 apparatum
692 903 827 961 criticum
850 903 971 980 plenum
990 922 1036 960 me
1054 921 1114 961 non
1131 901 1278 978 prebere,
1303 921 1380 975 eum,

258 1013 310 1088 qui
333 1011 439 1070 lectori
461 1011 605 1084 sufficiat,
635 1010 768 1087 proebere
795 1031 842 1070 me
870 1010 968 1070 credo.
1022 1009 1058 1068 In
1081 1010 1259 1070 conserendo
1282 1015 1381 1069 autem

258 1119 359 1178 codice
380 1119 405 1176 B
428 1121 454 1176 si
477 1119 549 1196 quid
571 1120 689 1178 incuria
711 1119 807 1192 omisi,
829 1120 944 1177 veniam
963 1137 1085 1196 precor3
1109 1117 1269 1178 admodum
1286 1119 1381 1193 negli-

257 1233 377 1304 gentem
407 1247 453 1286 me
482 1227 573 1286 fuisse
602 1247 663 1286 uon
691 1226 793 1300 credo,
828 1246 895 1285 nam
929 1226 1009 1304 quod
1041 1229 1072 1284 in
1104 1227 1229 1305 prologo
1257 1227 1380 1304 Amphi·

257 1337 374 1394 truonis
397 1356 457 1394 nou
479 1335 563 1394 nulle
584 1336 728 1394 levissimi
751 1337 892 1394 momenti
915 1334 1131 1408 desiderantur,
1155 1356 1190 1394 ea
1211 1337 1242 1394 in
1264 1335 1382 1394 schedis

256 1447 330 1503 meis
358 1449 476 1517 extant,
510 1443 562 1502 sed
595 1444 666 1504 dum
699 1443 801 1503 eadem
829 1447 938 1522 sepius
966 1448 1129 1502 retractata
1154 1443 1381 1520 typothetarum

259 1573 348 1612 causa
370 1552 591 1625 describuntur,
615 1551 796 1612 exciderunt.

342 1659 521 1720 contextum
544 1665 643 1720 autem
667 1661 755 1719 edere
777 1659 858 1720 volui
880 1678 969 1737 quam
991 1659 1208 1733 fidelissimum,
1242 1662 1262 1718 i.
1286 1679 1312 1716 e.
1336 1679 1379 1730 ea,

258 1787 323 1846 quae
346 1769 459 1828 tradita
481 1774 564 1843 sunt,
595 1771 639 1828 ita
662 1768 863 1842 exhibentem,
891 1774 938 1841 ut,
969 1787 1160 1846 quaecumque
1182 1767 1383 1846 probabiliter

259 1875 412 1936 emendari
434 1883 574 1954 possent,
597 1879 835 1952 corrigerentur,
858 1876 911 1935 ubi
934 1876 1018 1934 nulla
1040 1883 1123 1934 certa
1145 1876 1314 1936 emendatio
1336 1877 1380 1932 in-

257 1992 346 2045 venta
368 1991 462 2058 esset,
493 1986 600 2044 vitium
626 1985 860 2062 relinqueretur,
894 1983 1074 2044 emendandi
1104 1989 1226 2044 conatus
1248 1985 1279 2042 in
1303 2002 1381 2040 com·

255 2096 402 2152 mentatio
436 2093 624 2154 afferrentur.
679 2093 833 2152 Eiusmodi
865 2094 946 2152 locos
981 2093 1111 2152 editores
1146 2111 1231 2152 cruce
1264 2093 1382 2168 signare

255 2203 361 2262 solent.
421 2201 484 2260 Hoc
512 2204 597 2280 signo
625 2222 696 2262 usus
724 2223 805 2275 eum,
840 2202 892 2261 ubi
924 2204 990 2279 ipsa
1022 2203 1171 2260 sententia
1204 2207 1256 2260 aut
1288 2219 1383 2275 prava

256 2316 336 2370 esset
359 2315 412 2368 aut
433 2311 560 2388 intelligi
590 2331 651 2370 nou
672 2317 790 2390 posset;
824 2310 883 2388 nbi,
899 2311 1048 2368 sententia
1070 2330 1155 2382 sana,
1179 2309 1295 2368 numeri
1318 2327 1383 2365 cor

256 2421 338 2496 rupti
361 2419 547 2493 viderentur,
575 2439 635 2478 uon
664 2421 767 2496 posui;
801 2439 870 2477 nam
897 2420 1039 2478 leviorem
1061 2437 1126 2476 eam
1150 2416 1215 2476 dico
1238 2416 1383 2491 deprave-

255 2531 376 2600 tiouem,
401 2545 467 2604 quae
490 2529 645 2586 sententias
667 2527 726 2586 loci
749 2547 808 2585 non
831 2531 946 2586 noceat.
991 2526 1175 2603 Quamquam
1193 2527 1224 2582 in
1240 2524 1288 2582 bis
1306 2543 1381 2599 quo-

257 2656 314 2712 que
337 2637 362 2693 si
385 2655 445 2694 una
467 2635 569 2712 eliqua
591 2655 652 2694 non
674 2634 881 2712 improbabilis
899 2635 1076 2694 emendandi
1092 2638 1141 2712 vine
1158 2632 1381 2703 ostendebatur,

256 2765 321 2804 eam
343 2745 406 2802 fere
429 2748 548 2802 secutus
571 2763 650 2816 sum,
684 2745 710 2802 si
738 2743 827 2820 plura
853 2743 916 2803 fere
940 2763 1023 2819 aeque
1045 2744 1110 2802 veri
1133 2741 1243 2800 similia
1265 2745 1384 2798 tentata

255 2857 350 2926 erant,
373 2852 508 2910 codicum
531 2855 711 2930 scripturam
734 2854 766 2910 in
787 2855 873 2910 textu
890 2853 987 2930 posui,
1011 2851 1234 2911 emendationes
1254 2850 1286 2907 in
1303 2867 1383 2906 com·

256 2963 435 3020 monterium
457 2961 555 3032 reieci,
579 2961 740 3019 lectoribus
763 2960 893 3034 eligendi
915 2961 1025 3018 faciens
1047 2965 1241 3036 potestatem.
1276 2955 1384 3014 Multis

255 3069 312 3128 hoc
334 3068 523 3146 displicuisse
545 3068 648 3142 video;
671 3088 725 3126 nec
747 3072 912 3128 sententies
935 3069 1012 3126 ecles
1034 3087 1138 3126 verum
1161 3069 1253 3124 etiam
1275 3085 1382 3124 versus

255 3197 356 3236 omnes
386 3175 587 3236 emendandos
615 3195 678 3235 esse
709 3178 847 3237 clamant.
903 3177 989 3250 Quod
1023 3197 1114 3254 quum
1143 3173 1322 3234 Ritecbelius
1352 3179 1385 3230 et

256 3287 319 3344 eius
342 3285 480 3364 discipuli
502 3285 601 3344 facere
625 3287 724 3344 conati
747 3291 846 3344 essent
868 3292 898 3344 et
920 3286 959 3344 ad
982 3287 1063 3361 leges
1086 3285 1223 3342 metricas
1246 3288 1276 3340 et
1298 3300 1385 3358 pros-

255 3395 355 3453 odicas
384 3413 462 3471 supe
491 3394 650 3452 admodum
679 3393 784 3452 dubias
806 3393 909 3452 Plauti
931 3413 1033 3452 versus
1056 3397 1238 3471 exegissent,
1268 3396 1386 3450 tantem

255 3503 408 3560 hominum
437 3501 664 3560 admirationem
695 3508 725 3559 et
752 3507 868 3560 tautum
891 3501 1027 3560 imitandi
1049 3502 1182 3562 studium
1205 3501 1386 3571 excitarunt,

255 3616 290 3668 ut
312 3611 367 3668 boc
389 3629 480 3668 unum
503 3610 639 3688 plerique
662 3613 732 3668 ante
754 3611 854 3668 omnia
877 3615 1056 3686 spectarent,
1081 3615 1111 3668 et
1133 3612 1307 3680 existerent,
1332 3609 1388 3682 qui

256 3721 288 3776 in
310 3718 418 3777 Plauto
442 3719 595 3777 metricam
618 3719 814 3794 questionem
836 3719 965 3776 omnium
983 3719 1111 3794 primam
1130 3723 1162 3775 et
1177 3716 1387 3793 gravissimam

257 3847 321 3886 esse
345 3827 489 3885 dicerent.
535 3826 599 3901 Ego
622 3827 751 3902 primum
775 3827 967 3905 querendum
985 3846 1050 3886 esse
1067 3826 1145 3898 dico,
1169 3823 1243 3901 quid
1260 3824 1387 3882 Plautus

256 3935 355 3994 dicere
377 3933 521 4006 voluerit,
546 3934 652 3992 deinde
675 3935 785 4010 quibus
807 3935 921 4008 verbis,
953 3939 1084 3994 extremo
1107 3933 1173 3992 loco
1198 3933 1306 4010 quibue
1329 3951 1387 3990 nu-

254 4045 345 4102 meris
379 4042 503 4114 dixerit,
538 4047 569 4100 et
596 4044 621 4100 si
651 4043 710 4101 duo
743 4043 846 4119 priora
880 4044 1027 4120 explicata
1059 4047 1143 4114 sunt,
1180 4042 1269 4100 etiam
1299 4041 1325 4099 si
1353 4041 1388 4099 in

254 4154 346 4211 tertio
376 4151 524 4210 dubitatio
552 4155 660 4223 restet,
695 4149 733 4208 ad
761 4156 881 4228 tempus
909 4151 1154 4229 acquiescendum
1178 4149 1326 4220 arbitror,
1361 4151 1390 4207 si

254 4261 316 4319 illis
349 4259 481 4318 nondum
511 4259 665 4337 explicatis
699 4261 824 4317 tertium
854 4260 1043 4332 emendatur,
1078 4259 1166 4318 valde
1193 4277 1314 4329 vereor,
1348 4278 1389 4316 ne

256 4387 334 4426 vana
355 4368 538 4443 integritatis
562 4368 662 4444 specie
685 4367 830 4427 fallamur.
871 4369 905 4428 In
927 4371 993 4446 ipsa
1015 4373 1078 4427 erte
1098 4368 1202 4428 critica
1218 4364 1389 4425 exercenda
