2932 5010
570 501 594 554 V
620 502 712 556 6-18.
1140 515 1200 576 375

75 691 239 771 incenium
265 693 300 754 io
327 711 432 756 anemo
460 715 523 756 esse
551 697 678 768 dicitur,
712 696 746 754 R.
772 698 896 756 contulit
925 698 996 758 Cist.
1021 703 1096 760 204:
1140 705 1202 774 ,ita

78 799 212 856 nubilam
241 804 369 858 mentem
396 801 487 858 animi
514 796 641 858 haheo“.
698 798 785 876 Epid.
819 802 893 858 523:
937 821 1046 877 ,pauor
1078 807 1201 863 territat

77 907 208 960 mentem
232 898 353 960 animi“.
408 896 571 961 Modicum
597 902 764 974 ingenium,
798 910 833 960 ut
855 903 1010 976 attidem,
1046 908 1064 963 i.
1089 927 1113 964 e.
1138 928 1198 964 rno-

74 1003 207 1076 destum,
244 1006 409 1081 opponitur
436 1000 562 1076 emili,
593 1004 612 1062 i.
637 1024 660 1060 e.
684 1006 804 1080 procaci
832 1013 861 1062 et
884 1005 1057 1064 lascivienti.
1082 1037 1124 1047 —
1151 1012 1197 1069 13.

76 1099 203 1166 limaces
226 1101 300 1166 tritt.
344 1107 533 1166 Adiectivum
561 1127 578 1164 a
607 1106 677 1166 lima
705 1105 826 1164 ductum
855 1127 922 1166 eum
950 1107 1111 1182 siguificat,
1147 1114 1198 1187 qui

77 1209 243 1268 identidem
262 1211 366 1268 atterit
382 1209 505 1285 aliquid.
539 1208 573 1266 In
593 1208 767 1267 Cistellaria
785 1229 812 1268 v.
831 1211 893 1268 298
917 1231 961 1287 sq.
986 1207 1094 1282 (Varro
1115 1213 1149 1272 L.
1164 1214 1197 1272 1.

76 1310 138 1382 vll,
164 1309 220 1384 64)
253 1311 404 1384 „limaces,
434 1311 549 1382 liuidae,
579 1310 762 1382 diabolares,
791 1310 999 1378 schoeniculae.
1029 1314 1196 1374 miraculae“

73 1417 249 1472 meretrices
272 1415 411 1473 dicuntur
433 1433 491 1472 nou
515 1433 625 1485 omnes,
650 1414 703 1470 sed
725 1413 914 1487 foedissime,
939 1429 1004 1490 quae
1028 1437 1092 1476 cum
1115 1419 1199 1476 lima·

76 1514 170 1588 cibus,
194 1517 300 1574 bestiis
321 1523 432 1575 terram
456 1516 644 1588 limantihue,
669 1521 886 1592 comparantur.
947 1517 1098 1590 „Limaces
1121 1517 1196 1578 uiri“

77 1621 248 1677 meretrices
272 1619 331 1678 dici
353 1639 413 1678 non
436 1624 576 1695 possunt;
611 1619 714 1676 saltem
748 1615 917 1691 „uirorum“
944 1619 1098 1680 dicendum
1123 1629 1197 1682 erat.
1263 1641 1266 1647 '

74 1719 104 1776 Si
125 1717 190 1780 uiti
212 1721 346 1796 genetivi
368 1741 452 1780 casus
476 1727 530 1793 est,
554 1722 636 1780 aliud
659 1721 823 1780 subiectum
841 1721 1020 1782 audiendum
1039 1729 1093 1796 eet,
1117 1725 1199 1784 velut

75 1843 164 1895 curse,
201 1842 269 1900 qua
291 1823 328 1882 ah
358 1824 423 1881 aliis
447 1823 551 1882 edaces
574 1825 726 1895 dicuntur;
762 1823 813 1880 sed
846 1825 948 1900 potius
981 1827 1197 1886 nominativum

75 1944 134 1982 esse
158 1927 259 1998 credo,
282 1932 317 1984 ut
339 1925 544 2000 significentur
566 1928 623 1986 viri
646 1926 773 1984 alterum
796 1931 968 1998 atterentes,
993 1929 1097 2003 qualos
1121 1949 1147 2012 v.
1173 1950 1196 1989 c.

73 2035 140 2086 sunt
161 2031 301 2105 parasiti.
345 2028 499 2087 Eiusmodi
528 2028 696 2086 horninibus
719 2027 899 2086 Pistoclerus
927 2030 972 2086 uti
1000 2051 1060 2088 non
1087 2034 1196 2108 potuit.

75 2159 114 2168 -
140 2131 187 2190 14.
223 2131 299 2190 Eam
321 2152 351 2190 se
374 2150 509 2207 quaerere
533 2131 618 2202 dicit,
654 2149 719 2206 quae
750 2129 882 2188 sodalem
910 2150 993 2188 suum
1018 2152 1133 2204 amore,
1168 2153 1199 2192 se

76 2233 276 2310 investigandi
299 2234 401 2292 labore
423 2233 539 2307 fatiget.
580 2233 688 2290 Cretici
710 2233 825 2290 numeri
848 2239 925 2290 sunt.
950 2262 992 2272 -
1017 2235 1064 2292 15.
1088 2233 1198 2294 Cretici

78 2335 121 2392 vel
153 2336 307 2396 hacchiaci
345 2338 470 2394 numeri.
537 2335 716 2392 Pistoclerus
749 2334 924 2394 Bacchidem
961 2336 1040 2412 apud
1072 2337 1198 2396 militem
1298 2337 1301 2343 ’

77 2436 229 2510 degentem
255 2440 402 2496 invenisse
424 2439 560 2508 videtur,
590 2437 642 2496 sed
670 2436 816 2514 quomodo
846 2457 909 2494 eam
932 2437 1001 2496 inde
1025 2439 1125 2496 eliciat
1147 2445 1199 2498 aut

76 2559 131 2614 qna
142 2543 261 2600 rationo
278 2540 353 2598 illud
370 2541 521 2618 oppidum,
540 2545 559 2600 i.
573 2561 599 2598 e.
613 2541 745 2612 militem,
765 2559 934 2616 expugnare
946 2542 1048 2617 possit,
1069 2543 1198 2618 ignorat,

76 2661 139 2700 nam
157 2663 241 2716 vera,
261 2663 321 2702 uon
337 2639 504 2716 subditiva,
522 2645 569 2701 ie.
583 2643 666 2714 falsa,
686 2644 784 2716 gloria
800 2643 860 2700 frui
879 2643 1052 2702 arbitratur.
1088 2639 1199 2722 Neque

75 2737 156 2802 hacid
182 2746 260 2804 nihil
288 2745 369 2806 aliud
402 2753 447 2803 est
476 2765 565 2822 quam
598 2741 743 2822 ,neque“,
779 2745 815 2804 cf.
851 2746 930 2804 infra
962 2746 1053 2805 1034.
1108 2733 1197 2824 Epid.

77 2845 147 2904 654:
185 2867 303 2924 „neque
330 2848 382 2906 ille
412 2848 492 2906 haud
513 2847 634 2906 obiiciat
656 2847 759 2906 mihi‘'.
804 2847 883 2906 Men.
910 2849 985 2906 364:
1025 2869 1139 2924 ,neque
1167 2849 1198 2906 id

76 2947 150 3008 haud
177 2951 320 3009 inmerito
349 2949 429 3008 tuo.“
485 2949 567 3010 Pers.
593 2952 668 3008 535:
714 2969 827 3026 ,nequa
859 2950 931 3008 mihi
959 2950 1038 3008 haud
1067 2953 1198 3026 inperito

75 3051 219 3112 eueniet“.
270 3053 336 3112 Ter.
365 3053 458 3111 Andr.
490 3055 566 3112 205:
604 3052 725 3128 „Neque
759 3059 793 3110 tu
828 3051 908 3110 haud
938 3051 1017 3110 dices
1046 3054 1102 3111 tibi
1135 3075 1196 3112 non

76 3152 290 3227 praedictum“.
337 3156 369 3213 V.
394 3155 507 3214 Ritsch.
532 3155 639 3231 Opuec.
664 3155 701 3226 II,
725 3175 755 3231 p.
780 3155 851 3214 335.

160 3261 208 3318 16.
234 3259 357 3318 Bacchis
379 3258 576 3318 Pistoclerum
601 3257 765 3334 alloquitur
788 3263 828 3328 et,
858 3257 929 3332 quid
958 3266 1080 3332 quaerat,
1105 3259 1196 3316 inter-

78 3369 168 3434 rogat.
205 3361 291 3434 Quod
313 3362 365 3420 uhi
384 3363 530 3438 cognovit,
553 3360 729 3420 Bacchidem
746 3358 836 3430 illem,
861 3379 949 3436 quam
968 3367 1090 3436 quaerat,
1114 3380 1198 3419 suam

77 3462 116 3518 sit
137 3483 269 3523 sororem
292 3467 438 3540 geminam
463 3482 526 3520 esse
550 3470 581 3522 et
603 3463 705 3520 eodeni
730 3463 848 3520 nomine
877 3461 1072 3539 appellatam,
1108 3483 1196 3539 quam

77 3581 162 3638 quum
183 3568 311 3626 maxime
334 3571 485 3644 expectct;
517 3566 596 3642 quod
620 3568 645 3623 si
667 3565 756 3643 paulo
779 3571 848 3642 post
869 3565 967 3623 redire
990 3565 1077 3638 velit,
1101 3567 1196 3642 ipsam

78 3665 224 3744 adspicere
255 3675 285 3728 et
314 3671 470 3728 convenire
498 3687 592 3744 posse.
644 3668 833 3727 Adiectivum
863 3665 1057 3745 cognominis
1086 3669 1198 3742 legitur

79 3769 161 3828 etiem
182 3773 262 3831 infra
283 3793 310 3832 v.
337 3774 391 3843 373
415 3772 444 3830 h.
467 3771 487 3828 l.
512 3771 680 3844 genetivum
703 3771 880 3828 obiectivum
904 3771 962 3828 sibi
985 3769 1131 3828 adsciscit.
1155 3801 1198 3814 -·-
1281 3767 1284 3774 '

82 3869 114 3926 17
139 3893 197 3950 quo
226 3877 393 3952 pertineat,
427 3879 573 3933 incertum
604 3879 657 3932 est.
708 3873 888 3932 Bitschelius
917 3893 983 3932 cum
1011 3893 1039 3932 v.
1066 3875 1104 3932 32
1130 3893 1196 3930 con·

79 3971 180 4048 iunxit,
215 3997 274 4054 qno
302 3979 471 4055 anteposito
499 3977 667 4034 trochaicus
700 3979 887 4052 septenarius
918 3976 1054 4034 efficitur.
1101 3975 1196 4032 Lade·

79 4076 174 4151 wigius
198 4078 318 4154 (Philol.
331 4080 369 4152 11,
393 4093 422 4158 p.
437 4077 511 4152 361)
534 4074 589 4138 tihi
610 4078 798 4138 scribendum
822 4084 930 4149 censet,
955 4067 1081 4135 fortasse
1104 4082 1194 4148 recte,

81 4177 112 4234 cf.
134 4199 197 4255 quae
221 4183 258 4240 ad
280 4183 387 4258 Amph.
414 4183 474 4242 360
498 4181 663 4240 attulimus.

162 4286 207 4344 18.
249 4286 410 4361 Postquain
444 4285 519 4343 abiit
551 4284 745 4356 Pistoclerus,
780 4282 902 4341 advenit
936 4283 1030 4340 altera
1063 4281 1195 4340 Bacchis.

81 4375 193 4444 Bacchis
213 4388 312 4446 Attica
336 4407 466 4448 sororem
491 4389 626 4463 queritur
648 4406 752 4462 parum
775 4385 893 4442 florenti
917 4387 1015 4461 specie
1039 4403 1196 4462 apparere,
