2928 5010
78 537 255 605 Med-62
547 539 709 595 Bacchides.

513 729 733 814 Chrysalus

76 836 148 913 Quid
170 837 273 902 dixit?

481 946 760 1012 Mnesilochus

301 1053 334 1120 Si
357 1061 394 1119 tu
417 1055 508 1120 illum
533 1055 633 1120 solem
659 1055 721 1120 sibi
744 1055 844 1120 solem
869 1075 940 1120 esse
964 1053 1098 1133 diceres,

73 1163 106 1226 Se
126 1162 349 1236 illumlunam
373 1163 505 1228 credere
529 1185 600 1228 esse
625 1171 657 1228 et
679 1170 817 1242 noctem,
847 1165 904 1246 qui
926 1183 1011 1228 nunc
1033 1168 1083 1228 est
1105 1163 1182 1228 dies.

512 1287 736 1371 Chrysalus

73 1396 239 1479 Emungam
263 1396 372 1462 hercle
395 1397 561 1463 hominem
583 1396 685 1479 probe
714 1397 826 1471 hodie,
855 1417 895 1462 ne
925 1397 960 1462 id
987 1397 1185 1479 nequiquam

778 1505 906 1570 dixerit.

493 1613 754 1679 Pistoclerus

72 1719 156 1784 Nune
180 1721 259 1802 quid
281 1740 342 1786 nos
365 1721 415 1784 uis
438 1719 569 1785 facere?

514 1849 736 1934 Chrysalus

531 1958 621 2024 Nihil
645 1961 730 2024 enim
753 1961 825 2038 nisi,
847 1967 885 2024 ut
908 1960 1034 2036 ametis,
1059 1961 1183 2041 inpero.

71 2065 209 2132 Ueterum
234 2073 393 2150 quantum
416 2066 507 2131 lubet
529 2089 580 2132 me
604 2069 767 2150 poscitote
788 2089 918 2146 aurum;
942 2088 1002 2149 ego
1021 2067 1116 2132 dabo.
1135 2083 1186 2136 700

71 2174 145 2250 Quid
168 2177 247 2240 mihi
270 2173 371 2239 refert
394 2173 552 2260 Chrysalo
577 2197 648 2240 esse
671 2197 798 2246 nomen,
822 2177 885 2240 nisi
907 2175 1003 2241 factis
1027 2175 1153 2259 probo?

70 2283 124 2348 Sed
145 2305 231 2348 nuno
255 2281 454 2367 quantillum
476 2291 570 2348 usust
592 2285 662 2348 auri
685 2283 764 2364 tibi,
786 2283 997 2363 Mnesiloche,
1022 2281 1074 2348 dic
1095 2283 1185 2348 mihi.

483 2413 762 2480 Mnesilochus

70 2523 158 2589 lliliti
180 2525 322 2589 nummis
346 2523 495 2588 ducentis
517 2523 582 2586 iam
605 2543 684 2587 usus
709 2530 759 2588 est
781 2543 840 2607 pro
863 2521 1037 2587 Bacchide.

513 2651 734 2736 Chrysalus

69 2761 130 2842 Ego
154 2763 247 2828 dabo.

487 2867 768 2934 Mnesilochus

287 2977 371 3042 Tum
394 2976 489 3043 nobis
513 2997 595 3060 opus
619 2983 670 3042 est
694 2985 836 3061 sumptu.

510 3105 612 3192 Chry
623 3129 666 3173 sa
674 3108 685 3171 l
693 3129 738 3172 us

836 3229 838 3234 '
874 3216 932 3294 Ah,
956 3215 1085 3299 placide
1108 3217 1185 3280 uolo

69 3325 167 3390 l'num
191 3326 336 3410 quidque
355 3345 508 3408 agamus3
531 3325 593 3390 hoo
616 3325 673 3389 ubi
686 3345 791 3406 egere,
814 3331 884 3388 tum
901 3325 985 3388 istuc
1004 3344 1109 3407 agam.
1134 3339 1186 3394 705

68 3433 110 3498 lle
133 3435 279 3499 ducentis
303 3435 444 3499 nummis
467 3434 607 3517 primum
630 3431 797 3497 intendam
821 3431 986 3498 ballistam
1007 3433 1041 3496 in
1065 3453 1185 3498 senem.

69 3541 112 3606 Ea
133 3541 267 3608 ballista
290 3543 319 3606 si
342 3549 531 3624 peruortam
554 3542 669 3604 turrim
694 3547 726 3604 et
749 3541 1006 3624 propugnacula,

69 3651 165 3714 Recta
176 3661 274 3736 porta
285 3651 442 3716 inuadam
454 3649 616 3732 extemplo
630 3650 662 3712 in
676 3649 831 3732 oppidum
849 3650 1019 3730 antiquom
1034 3655 1067 3713 et
1078 3661 1187 3714 uetus.

69 3759 97 3820 Si
120 3759 154 3822 id
176 3780 282 3842 capso,
306 3759 446 3839 geritote
470 3759 584 3823 amicis
607 3759 729 3821 uostris
753 3777 868 3821 aurum
891 3755 1055 3835 corbibus,

69 3865 116 3930 Sic
139 3875 175 3931 ut
196 3869 325 3932 animus
350 3873 470 3949 sperat.

497 3973 746 4039 Pistoclerus

449 4082 545 4166 Apud
567 4090 634 4147 test
657 4085 784 4146 enimus
808 4087 927 4160 noster,
951 4080 1115 4164 Chrysalo.
1135 4099 1185 4151 P110

70 4255 287 4264 .-.-—-—.-..-

133 4337 181 4390 696
198 4337 291 4406 QuiC
357 4339 407 4390 698
426 4337 564 4405 Emugem
582 4336 609 4390 B
676 4338 726 4391 699
743 4337 826 4391 Enim
844 4337 913 4392 nihil
932 4341 976 4390 est
1032 4335 1083 4388 702
1101 4351 1185 4403 quan-

69 4421 193 4477 tulumG
258 4423 310 4478 706
329 4423 460 4476 balistam
478 4423 505 4477 B
574 4423 625 4474 710
643 4420 717 4476 Sicui
754 4469 756 4474 .
