2916 5006
250 512 312 572 472
403 529 412 546 ·
754 507 874 577 Captini.

248 704 359 762 victum
383 703 456 762 dicit
485 723 544 762 non
567 703 697 762 molliter
719 703 855 762 incedere
879 703 930 762 sed
953 721 1125 781 scruposam
1147 703 1258 762 calcare
1281 705 1372 762 riam.

246 799 332 866 Nom
354 805 426 864 olim
449 805 647 865 emendatum.
706 799 920 881 „Commetare
944 801 1118 865 conmeare“
1147 805 1258 864 Nonius
1276 825 1306 883 p.
1333 806 1373 864 89

246 907 335 968 Nouii
359 912 388 967 et
410 908 527 968 Afranii
550 909 686 987 exempla
713 907 855 983 efferens,
889 909 926 970 ci.
950 909 1029 969 bien.
1054 909 1126 998 998..
1171 907 1238 968 Ter.
1261 907 1374 966 Heaut.

246 1012 319 1071 444.
336 1040 380 1052 -
402 1013 470 1072 186.
494 1009 603 1072 uinces
619 1027 676 1085 me,
699 1031 738 1072 sc.
758 1019 869 1072 utnon
887 1013 1017 1084 reniam3
1040 1011 1237 1072 similitudine
1253 1017 1376 1070 retente

246 1113 326 1174 dicet
349 1134 395 1188 se,
419 1117 555 1192 quamvis
578 1115 715 1174 calceatie
738 1114 878 1174 dentibus
901 1135 976 1194 cpns
999 1117 1053 1186 sit,
1081 1119 1181 1174 mmen
1202 1119 1375 1174 venturum.

246 1217 328 1278 Brix.
358 1217 435 1276 coni.
464 1216 555 1277 Stich.
586 1219 657 1279 751.
692 1247 733 1258 -·
767 1234 807 1278 rte
829 1213 990 1293 postulet,
1025 1217 1061 1278 ci.
1091 1217 1200 1295 Amph.
1224 1219 1296 1278 782.
1334 1248 1374 1258 -

248 1321 365 1394 iumen,
394 1340 422 1380 v.
446 1320 554 1398 Amph.
580 1322 650 1380 538.
674 1351 713 1362 -
748 1323 816 1382 189.
849 1318 1024 1394 meabit,
1058 1341 1095 1380 ex
1115 1326 1199 1380 terre
1220 1326 1306 1396 neta,
1343 1327 1378 1379 ut

246 1425 311 1502 ipse
333 1425 468 1501 proximo
498 1443 586 1482 versu
613 1423 757 1500 explicat,
792 1418 901 1484 multis
929 1417 1079 1498 ababuc,
1114 1427 1134 1484 i.
1159 1444 1184 1484 e.
1209 1424 1377 1484 multorum

248 1527 372 1598 olerum,
404 1525 495 1585 ablat.
519 1526 660 1604 descript.
684 1531 718 1585 ut
746 1545 774 1586 v.
802 1529 870 1587 170.
927 1527 1065 1588 Oleribue
1088 1533 1189 1586 antem
1212 1527 1273 1586 iere
1300 1547 1377 1606 peu·

128 1711 132 1719 ¹
248 1631 380 1707 periores
402 1630 558 1704 virebant,
587 1629 624 1688 cf.
648 1631 724 1689 Pliu.
749 1629 786 1689 H.
810 1629 845 1688 N.
869 1629 956 1705 XIX,
988 1633 1017 1704 4,
1044 1631 1092 1704 19,
1117 1633 1173 1689 52:
1208 1649 1264 1705 „ex
1285 1629 1379 1690 horto
1454 1659 1455 1704 r

247 1732 344 1812 plebei
368 1731 559 1807 macellum“;
594 1732 786 1792 delicatiores
809 1734 1004 1810 spernebant,
1029 1733 1066 1793 ci.
1089 1733 1198 1793 Pseud.
1224 1735 1285 1793 816
1310 1754 1378 1812 sqq.

248 1837 349 1896 quen.
367 1839 413 1910 ll,
434 1839 488 1896 78:
516 1835 641 1909 „Ourim
662 1855 756 1913 parvo
779 1855 845 1913 quas
868 1837 983 1912 legerat
1003 1837 1101 1910 horto,
1125 1839 1191 1913 ipse
1213 1836 1287 1894 focis
1310 1835 1379 1895 bre-

247 1939 333 1998 vibus
356 1939 487 2018 ponebat
509 1939 677 2013 holuscula,
705 1957 770 2016 quae
794 1959 872 1998 nunc
895 1940 1052 2017 squalidus
1074 1941 1105 1998 in
1127 1957 1238 2015 magne
1260 1937 1380 1998 fastidit
1455 1999 1456 2038 1

248 2043 390 2122 compede
413 2040 541 2102 iossor“.
585 2042 712 2102 Plautus
736 2043 870 2102 consulto
894 2043 1049 2102 obscurius
1071 2043 1216 2120 loquitur,
1238 2047 1274 2102 ut
1289 2061 1379 2120 para·

248 2148 306 2206 sito
329 2145 529 2226 respondendi
552 2146 668 2206 occasio
691 2145 740 2220 sit,
763 2146 821 2206 sibi
843 2146 966 2223 quidem
988 2151 1163 2206 terrestrem
1180 2145 1292 2204 rictum
1311 2166 1379 2222 grs-

247 2251 395 2308 tissimum
418 2269 499 2324 esee,
523 2250 663 2328 quoniam
685 2269 735 2308 sus
757 2252 907 2310 terrestris
929 2249 1027 2308 bestie
1048 2251 1096 2308 sit.
1138 2247 1262 2308 Planius
1278 2253 1380 2308 antem

214 2423 219 2431 1
249 2373 281 2412 10
304 2353 451 2432 explicata
477 2350 571 2428 „isto“
604 2353 704 2430 inquit
734 2353 819 2428 „cibo
849 2358 993 2428 aegrotos,
1029 2353 1080 2430 qni
1109 2352 1189 2411 domi
1212 2359 1273 2410 tum
1295 2357 1379 2424 sunt,

249 2453 383 2516 curato“.
400 2485 443 2496 —
468 2459 537 2517 190.
564 2451 652 2516 Num
675 2451 751 2534 quid
771 2449 847 2516 uis?
869 2457 905 2516 ci.
928 2455 1037 2535 Amph.
1063 2457 1133 2516 538.
1150 2485 1195 2496 -
1211 2468 1380 2514 meinorem

248 2573 369 2632 moure,
405 2560 441 2618 cf.
470 2559 562 2620 Stich.
595 2561 664 2620 578.
694 2589 736 2599 —
772 2561 841 2620 191.
875 2553 1046 2620 subducam
1078 2551 1307 2632 retroactam,
1343 2558 1379 2616 cf.

250 2661 431 2722 0110.371.
484 2662 564 2721 Non.
593 2683 623 2740 p.
650 2665 726 2722 399:
765 2661 962 2736 „subducere‚
996 2657 1192 2740 supputare“.
1228 2691 1270 2702 -
1306 2662 1379 2720 192.

252 2759 456 2842 Quantilim.
501 2765 567 2824 Non
597 2767 721 2826 multum
751 2771 865 2826 restare
886 2771 976 2844 putat
997 2769 1157 2842 postquem
1181 2763 1220 2824 ad
1243 2765 1380 2842 captivos

250 2869 389 2928 emendos
433 2875 549 2927 tantum
595 2869 797 2946 insumpserit.
833 2899 874 2910 -
912 2863 1097 2946 trapezitam
1143 2863 1378 2947 „tarpessitunr“

251 2971 388 3030 Plautum
412 2971 524 3030 dixisse
547 2974 610 3032 veri
633 2972 731 3030 simile
754 2977 809 3045 est,
834 2991 860 3030 v.
879 2971 997 3050 Proleg.
1016 2991 1045 3048 p.
1059 2972 1131 3032 208.
1154 3001 1198 3012 —
1224 2969 1292 3032 193.
1319 2987 1380 3050 quo

250 3071 297 3134 ire
320 3069 471 3148 dixeram,
497 3076 533 3134 ci.
557 3075 657 3134 Aulnl.
685 3075 753 3134 108.
777 3105 819 3114 -
843 3069 930 3134 tuero
952 3075 1022 3134 olim
1046 3074 1247 3134 emendatum.

336 3175 498 3254 Postquam
522 3177 660 3236 abierunt
682 3177 779 3255 Hegio
802 3183 832 3236 01
853 3179 1019 3256 parasitus,
1050 3179 1081 3236 in
1102 3179 1261 3256 proscenio
1283 3149 1380 3236 remb-

250 3285 323 3339 nent
346 3282 455 3358 captivi
479 3279 538 3340 duo
562 3287 592 3338 et
614 3282 691 3340 servi
713 3299 764 3340 eos
783 3280 985 3340 custodientes
1006 3277 1120 3354 (1.211
1136 3279 1226 3359 sqq.),
1251 3300 1380 3358 quorum

250 3387 390 3462 princeps
420 3385 604 3461 captivorum
632 3383 765 3444 dolorem
799 3383 891 3443 solari
915 3389 1048 3444 conatur.
1094 3383 1249 3444 Canticum
1271 3385 1381 3463 incipit

251 3489 288 3548 ab
328 3487 464 3546 iambicis
503 3487 636 3548 versibus
677 3491 869 3564 systematum
907 3487 998 3548 modo
1043 3488 1224 3562 coniunctis,
1271 3487 1380 3547 deinde

251 3593 361 3650 transit
383 3592 413 3649 in
432 3591 566 3651 creticos.
606 3593 750 3650 les—97
775 3590 833 3650 duo
857 3591 1001 3649 octonarii
1023 3591 1146 3649 iambici
1169 3611 1236 3650 cum
1260 3597 1379 3670 quater·

252 3695 352 3766 nario;
383 3693 434 3752 sed
465 3695 586 3754 alterius
614 3696 729 3754 numeri
757 3696 808 3753 vix
837 3694 946 3772 integri
975 3698 1057 3764 sunt;
1092 3695 1123 3752 in
1152 3677 1245 3754 tertio
1266 3691 1380 3773 ficietis

252 3799 400 3875 syninesin
423 3798 553 3875 patitur,
589 3817 615 3857 v.
639 3797 757 3872 Proleg.
782 3797 853 3857 215.
877 3827 920 3838 -
943 3791 1065 3873 exequi,
1100 3797 1118 3856 i.
1142 3817 1168 3856 e.
1191 3800 1327 3876 perpeti,
1352 3819 1380 3857 1.

177 3897 187 3922 ”
252 3901 359 3960 Pseud.
391 3902 469 3960 998:
508 3906 651 3970 „mortem
675 3895 813 3976 exequi“.
865 3899 947 3958 Trin.
978 3901 1054 3959 686:
1092 3897 1308 3978 „egestatem“.
1342 3931 1377 3941 -

253 4035 294 4044 -
320 4005 496 4064 les—200.
531 4003 612 4062 Duos
642 4005 811 4063 octonarios
840 4003 983 4062 iambicos
1013 4003 1125 4082 excipit
1146 4005 1297 4076 senarius,
1333 4005 1380 4063 cui

253 4107 373 4166 additur
396 4107 526 4166 eiulatio.
579 4105 724 4166 Ultimum
753 4111 786 4166 et
810 4109 908 4186 ipsum
937 4107 1119 4167 octonarium
1148 4107 1221 4166 iacit
1243 4105 1379 4166 Studem.

253 4209 337 4270 Cant.
362 4231 390 4287 p.
416 4212 454 4268 23
479 4211 605 4287 scripto:
638 4209 733 4284 ,ohel
757 4210 830 4268 ohe!
863 4239 900 4251 -
934 4213 1003 4272 199.
1033 4211 1065 4270 ct
1092 4203 1184 4270 tecti
1205 4209 1290 4270 codd.
1314 4231 1379 4270 cor·

253 4319 350 4389 rupte.
396 4311 553 4370 Editoruru
575 4313 710 4390 plerique
732 4309 798 4388 „et“
817 4314 957 4374 delei-unt
976 4310 1035 4388 (Fi.
1052 4309 1177 4388 „etiam“
1198 4307 1378 4390 substituit),

253 4421 284 4472 et
305 4435 443 4474 enarrare
467 4421 592 4474 conatur
617 4415 755 4474 Bothius:
784 4437 927 4495 „eumque
949 4437 1004 4496 per
1020 4419 1142 4495 ingenis
1159 4421 1259 4477 vestra
1278 4415 1378 4476 iacere
