2956 5010
273 494 334 552 580
766 486 893 540 Curculio

271 677 340 741 bem
362 681 463 740 abesse
485 683 598 760 potuit,
629 703 661 740 ac
683 684 813 741 libenter
835 681 1003 740 deleverim.
1029 711 1066 720 —
1097 696 1185 757 crya,
1219 681 1286 757 quia
1306 685 1372 736 aute

271 786 361 844 statio
390 785 447 843 rite
476 785 554 843 facta
581 791 634 844 est.
686 785 756 844 Haec
784 783 868 844 codd.
897 791 976 843 recta
1005 783 1176 842 Curculioni
1199 783 1373 850 continuant3

271 885 337 945 edd.
358 887 445 944 militi
462 887 623 960 dederunt,
648 909 707 965 quo
724 888 800 948 nibil
817 889 956 964 ineptius.
997 887 1034 945 Ei
1053 905 1123 944 raro
1140 885 1297 944 tribuenda
1316 891 1374 943 sunt
1416 895 1419 904 '

269 988 360 1047 verba
377 983 440 1048 Em
456 985 518 1062 tibi,
542 1011 607 1066 qua
624 992 741 1068 plagam
758 993 889 1067 parasito
906 989 1043 1067 infligens
1060 989 1245 1068 pronuntiat,
1268 989 1302 1048 ci.
1317 991 1374 1046 195.

270 1121 312 1132 -
335 1095 406 1151 625.
439 1085 597 1152 Ohabent
620 1099 688 1154 cett.
713 1094 798 1153 codd.
844 1093 957 1152 Civium
981 1111 1066 1170 opem
1089 1091 1239 1170 implorat,
1262 1092 1296 1150 al.
1318 1091 1373 1150 Aul.

272 1197 342 1254 398.
366 1224 407 1234 -
431 1191 486 1254 tabi
507 1193 603 1256 istum
624 1197 712 1256 Both.
735 1227 778 1236 -
800 1192 901 1268 laclia,
925 1215 952 1254 v.
975 1195 1012 1254 ad
1029 1195 1136 1274 Amph.
1159 1194 1230 1254 515.
1256 1223 1293 1235 -
1315 1196 1374 1252 626.

269 1292 470 1357 Accedebat
494 1300 535 1358 tu.
575 1299 767 1359 Phaedromus
789 1300 913 1358 militem
937 1299 1108 1375 alloquitur.
1153 1299 1215 1355 Iam
1238 1297 1374 1370 iutelligit,

270 1421 336 1458 sum
364 1403 465 1478 potius
495 1402 580 1462 bonis
610 1403 723 1476 verbis,
759 1423 847 1480 quam
877 1403 964 1461 minis
992 1401 1108 1480 placari
1136 1399 1258 1473 debere;
1289 1394 1373 1470 illum,

269 1502 491 1577 Curculionem
525 1525 591 1564 eum
613 1525 644 1564 ss
666 1507 817 1583 promittit
838 1505 927 1564 militi
951 1503 1135 1576 dediturum,
1158 1522 1213 1562 nac
1236 1521 1310 1574 essa,
1332 1521 1374 1559 our

269 1607 396 1684 amplius
419 1607 534 1666 clamet.
592 1609 656 1670 tuce
677 1610 839 1669 Msrcliuus
861 1607 1031 1667 Curculioni
1053 1607 1164 1666 dictum
1187 1611 1299 1677 censet;
1331 1605 1374 1662 aad
1451 1619 1452 1652 ὲ

268 1710 292 1766 si
314 1729 443 1786 persona
465 1715 578 1772 mutata
601 1717 687 1786 asset,
706 1731 872 1790 pronomen
898 1706 966 1785 ,tu“
992 1709 1129 1770 additum
1153 1715 1293 1768 asset—
1314 1709 1373 1768 627.

234 1829 237 1838 ·
268 1811 453 1888 Phaedromo,
477 1819 611 1892 quamvis
624 1815 830 1876 Curculionem
848 1835 880 1874 se
896 1815 985 1873 militi
999 1814 1167 1874 dediturum
1179 1813 1269 1886 dicat,
1287 1817 1373 1870 tamen

268 1917 388 1974 minime
410 1920 441 1976 in
465 1919 561 1978 animo
583 1925 628 1978 cst
651 1941 717 1978 eum
740 1906 873 1997 perdere.
912 1918 1017 1994 Itaque
1036 1937 1126 1996 quum
1149 1917 1297 1994 parasitus
1318 1933 1373 1973 enm

267 2018 403 2096 trepidus
427 2026 492 2080 oret
513 2027 548 2080 ut
570 2042 600 2080 ss
623 2027 739 2097 servet,
768 2022 945 2100 respondet,
980 2039 1011 2079 ss
1039 2039 1106 2080 eum
1127 2021 1171 2078 ita
1194 2025 1373 2089 servaturum,

266 2127 302 2180 ut
324 2125 349 2180 si
372 2142 425 2181 sua
451 2124 545 2202 ipsius
574 2126 654 2184 salus
683 2132 830 2205 ageretur.
887 2123 1057 2202 Seyffertio,
1088 2121 1172 2182 Stud.
1196 2145 1227 2200 p.
1252 2125 1285 2198 3,
1311 2121 1374 2181 (tnr-

268 2225 391 2284 culiouis
420 2227 512 2286 verba
534 2228 670 2289 Planasio
699 2231 770 2289 dare
799 2230 911 2288 volenti
939 2226 1078 2287 accedere
1105 2245 1165 2285 non
1192 2245 1318 2303 possum.
1339 2253 1373 2264 -

269 2331 339 2388 628.
364 2343 477 2407 quaeso
499 2331 541 2404 ut,
565 2331 650 2392 codd.
674 2353 740 2392 oum
761 2334 861 2404 hiatu,
891 2330 977 2390 Both.
1004 2327 1085 2404 ,atr
1111 2331 1241 2408 scripsit,
1263 2329 1307 2388 Fl.
1331 2331 1375 2402 ,nt

267 2428 331 2492 tu“.
354 2463 397 2472 —
427 2436 497 2493 629.
532 2429 653 2496 eludere
681 2441 711 2496 at
737 2453 871 2514 persouae
901 2439 932 2493 et
959 2435 1002 2492 rei
1033 2434 1234 2493 accusativum
1256 2431 1310 2491 sibi
1329 2429 1373 2490 ad·

267 2537 389 2610 iungere
410 2541 527 2613 potest;
550 2538 625 2596 illud
646 2559 674 2599 r.
695 2543 770 2613 609;
793 2539 847 2598 hoc
870 2536 950 2616 apud
971 2535 1110 2612 Propert.
1134 2535 1184 2609 IV,
1212 2539 1238 2609 l,
1265 2537 1318 2594 139
1335 2555 1373 2609 sq.

270 2637 362 2709 ,Nam
385 2638 440 2698 tibi
463 2643 602 2700 uictrices
719 2641 824 2701 Eludit
845 2641 959 2719 palmas
981 2659 1040 2697 una
1061 2639 1162 2715 puella
1183 2634 1287 2711 tuas“;
1314 2637 1340 2695 b.
1358 2636 1373 2692 l.

266 2745 434 2820 utrumqne.
481 2743 515 2802 In
538 2745 660 2821 Argum.
684 2765 712 2804 v.
737 2747 755 2804 2
784 2744 946 2804 ablativum
975 2743 1018 2800 rai
1045 2747 1076 2800 et
1098 2743 1295 2801 accusativum
1316 2759 1374 2816 par
1452 2757 1453 2798 3

266 2863 345 2904 sonsa
378 2845 469 2906 habet
497 2851 532 2906 ut
568 2846 757 2922 „fraudare“.
787 2877 829 2890 -
858 2847 929 2906 631.
968 2840 1150 2922 Qrcuermm,
1185 2845 1288 2904 eodem
1318 2845 1374 2901 inre

266 2969 408 3025 quaerere
430 2951 562 3028 possitis.
590 2981 632 2992 -
653 2947 846 3027 peruenerit3
877 2971 915 3009 an
946 2949 1172 3029 „parusnerint“
1199 2948 1374 3008 scribendum

265 3053 317 3124 sit,
348 3052 467 3112 dubitat
494 3053 617 3113 Becker.
641 3057 671 3112 in
693 3053 825 3114 Studem.
849 3055 932 3115 Stud.
957 3057 985 3128 Ι,
1014 3076 1043 3133 p.
1069 3059 1139 3116 205.
1162 3085 1203 3095 -
1233 3053 1301 3112 632.
1339 3039 1374 3109 Ut

264 3151 404 3232 fastidit,
436 3157 472 3215 of.
495 3156 584 3216 Most.
610 3160 680 3216 873.
725 3157 829 3216 Bacch.
853 3161 923 3219 330.
968 3159 1003 3217 In
1025 3160 1169 3236 proximis
1191 3171 1373 3236 personarum

139 3297 145 3304 -
264 3263 343 3316 notae
365 3260 493 3336 pessime
515 3258 643 3318 turbatae
662 3265 740 3319 snut.
780 3255 874 3320 Mitte
895 3258 992 3322 istum
1011 3261 1149 3320 Curculio
1167 3261 1256 3332 dicit3
1279 3255 1374 3318 suadet

263 3365 298 3420 ut
312 3362 512 3421 fastidientem
530 3362 654 3421 militem
673 3383 732 3422 non
750 3369 868 3437 curent,
893 3385 923 3424 ss
940 3366 1093 3443 promittit
1109 3366 1207 3423 omnia
1224 3363 1371 3421 dictumst.

263 3463 433 3524 Proximum
455 3485 574 3524 versum
594 3462 682 3540 (633)
701 3465 786 3526 codd.
806 3469 885 3526 iuter
903 3468 1109 3527 Curculionem
1128 3473 1160 3526 et
1175 3466 1372 3526 Phaedromum

264 3565 415 3640 dividunt,
449 3574 530 3628 totus
552 3568 683 3629 Planesii
711 3590 777 3628 esse
807 3570 934 3630 videtur.
978 3571 1035 3630 Illa
1063 3589 1157 3649 nugas
1179 3569 1302 3648 parasiti
1322 3585 1371 3624 non

263 3675 362 3742 curat,
387 3671 458 3747 quid
476 3671 559 3730 miles
577 3671 677 3732 dicere
699 3675 804 3752 possit,
822 3673 925 3733 audire
942 3673 1058 3748 studet,
1081 3677 1182 3753 itaqua
1200 3693 1268 3732 eum
1286 3671 1372 3730 denuo

263 3773 413 3846 obsecrat;
441 3774 524 3832 miles
546 3779 646 3833 autem
668 3781 842 3853 precantem
865 3783 894 3836 st
916 3777 1041 3853 genibus
1064 3779 1240 3838 submissam
1262 3793 1371 3850 surgere

175 3889 181 3902 ·
261 3877 353 3937 iubet.
382 3905 426 3918 -
451 3878 528 3936 Ante
550 3873 676 3938 obsecro
704 3878 821 3953 hiatus,
856 3879 944 3940 Both.
968 3887 1000 3941 et
1021 3881 1066 3942 Fl.
1093 3886 1142 3954 ,te
1165 3876 1317 3952 obsecro“,
1343 3881 1371 3934 nt

261 4001 289 4039 v.
315 3982 386 4054 629,
415 3985 506 4054 recte,
530 3981 586 4040 nisi
608 3982 705 4040 fallor.

349 4086 419 4143 634.
448 4084 526 4144 Huic
551 4086 651 4144 versui
678 4085 756 4145 inB
787 4087 1021 4164 suprascribitur
1042 4089 1163 4150 MILES
1191 4092 1276 4168 quasi
1297 4103 1371 4146 nora

261 4205 356 4245 scenas
378 4187 492 4261 titulus,
516 4207 574 4246 uon
596 4189 715 4262 iniuria,
739 4195 878 4267 qnoniam
901 4193 1016 4250 numeri
1037 4195 1189 4250 mutentur
1206 4193 1369 4268 reliquaque

262 4290 386 4346 senariis
414 4295 550 4365 aguntur.
603 4286 717 4370 Serpa,
750 4295 951 4371 procubuerat
980 4293 1058 4352 enim
1087 4294 1126 4353 ad
1148 4313 1246 4370 genua
1267 4301 1327 4356 eius
1346 4313 1368 4352 r.

263 4392 333 4448 629.
358 4421 398 4430 -
422 4393 492 4452 635.
529 4395 614 4466 Quod
637 4401 668 4454 in
691 4396 776 4456 codd.
800 4398 910 4470 legitur
935 4395 1151 4475 ,Periphanes,
1181 4395 1368 4466 Planesium‘t
