2922 5006
216 495 279 560 248
400 506 404 520 '
731 491 825 548 Plauti

148 757 156 780 ,
725 680 831 767 Lyoo

217 791 372 857 Tacuisse
393 789 573 858 maooellom.
827 861 829 866 ,

668 919 890 1006 Cappadox

615 1028 716 1096 Haud
738 1029 824 1096 mals
845 1027 1004 1096 moditate
1019 1027 1112 1126 ‘malo
1135 1030 1232 1097 dioax
1255 1052 1301 1098 as.

673 1159 877 1226 Curculio

217 1265 365 1351 Indignis
389 1266 417 1333 si
440 1266 524 1334 male
548 1267 678 1351 dicitur,
701 1267 788 1336 mala
812 1268 937 1336 dictum
959 1267 994 1335 id
1016 1289 1087 1336 osse
1110 1269 1212 1336 duoo:

214 1375 338 1442 Uerum
359 1377 388 1442 si
410 1374 516 1460 dignis
539 1375 669 1457 dicitur,
691 1375 777 1444 bena
800 1376 960 1446 dictumst
977 1397 1051 1446 mou
1070 1376 1203 1463 quidam
1220 1380 1350 1446 auimo.

216 1482 314 1568 Lyoo,
336 1504 414 1550 num
436 1483 613 1569 quiduis?

728 1593 834 1680 Lyco

615 1701 705 1770 Bsuo
727 1701 812 1770 uala.

685 1831 877 1902 Curoulio

734 1981 738 1990 ·
788 1939 881 2008 Uala.

667 2070 888 2156 Cappadox

833 2177 925 2246 Hous
946 2184 994 2261 tu,
1017 2179 1080 2247 sibi
1101 2201 1163 2265 ogo
1186 2180 1273 2248 dioo.
1294 2198 1354 2254 515

681 2305 877 2376 Curculio

213 2417 389 2504 Eloquere,
412 2416 492 2504 quid
514 2415 587 2482 uis?

666 2523 887 2610 Cappadox

561 2630 700 2713 Quaeso,
723 2637 761 2698 ut
782 2631 868 2700 hano
891 2653 993 2716 cures,
1016 2641 1053 2700 ut
1073 2633 1156 2701 bens
1180 2637 1223 2702 sit
1246 2636 1329 2718 isti;

215 2743 306 2810 Bono
330 2762 390 2826 ego
412 2741 510 2806 istam
533 2737 632 2806 eduxi
654 2759 746 2807 meas
769 2741 859 2808 domi
881 2747 915 2809 at
936 2741 1064 2828 pudioe.

683 2870 874 2938 Curculio

633 3072 635 3078 Α
1013 2979 1047 3046 Si
1068 2979 1166 3048 huius
1189 2982 1348 3065 miseret,

216 3087 344 3173 Ecquid
367 3088 435 3172 das,
458 3088 515 3171 qui
527 3087 619 3161 ¹bens
643 3089 707 3154 sit?

665 3185 884 3319 Cappadox

685 3341 818 3409 Malum.

680 3469 871 3541 Curculio

802 3579 875 3648 Tibi
900 3590 1007 3667 opust,
1031 3583 1087 3668 qui
1109 3590 1142 3650 to
1165 3605 1348 3670 proouros.

661 3711 884 3799 Cappadox

211 3820 315 3904 Quid,
332 3821 445 3900 stulta,
468 3819 603 3906 ploras?
624 3842 665 3888 ne
687 3821 782 3902 tims3
804 3821 888 3888 bena
910 3821 1022 3888 horolo
1044 3821 1180 3890 uendidi
1201 3830 1245 3890 ts.

208 3930 293 3996 Face
318 3930 364 3996 sis
386 3929 494 3996 bonas
516 3927 603 4013 frugi
625 3930 706 4008 sios;
730 3949 865 4012 sequere
888 3930 988 3994 istum
1009 3930 1100 3996 bolla
1121 3930 1217 3996 bello.
1288 3951 1350 4006 520

211 4107 437 4116 --..-.-.-...-...-.

277 4205 328 4260 512
345 4205 467 4262 manem.
485 4175 607 4260 uu'su
676 4207 727 4262 sia
745 4205 809 4261 <1100
880 4208 950 4264 Post
966 4207 1018 4262 su
1035 4208 1137 4278 apua
1152 4211 1216 4264 aas.
1286 4211 1349 4267 sua

210 4303 291 4346 cures
309 4291 382 4347 bens
417 4293 467 4346 51⁷
486 4308 538 4362 ogo
557 4306 607 4348 om.
652 4308 714 4346 msa
763 4293 813 4347 518
832 4307 902 4363 opus
920 4296 964 4347 oss
980 4291 1035 4347 hoo
1053 4293 1101 4362 qui
1152 4294 1203 4348 ola
1220 4294 1348 4352 usndidi

208 4391 262 4445 ogo
280 4381 309 4430 aa
