2928 5010
86 501 116 568 11,
125 504 151 572 2,
161 503 282 558 ete-105
587 500 704 571 Captiui.
1147 507 1205 570 165

539 691 754 776 Tyndarus

828 798 995 878 Ausculta,
1018 805 1090 865 tum
1112 801 1206 867 scies.

86 907 147 990 Ego
170 929 222 974 me
244 908 361 987 amitti,
385 908 539 973 donicum
560 908 617 973 ille
639 909 704 973 hue
725 907 871 988 redierit,
892 929 966 996 uon¹
981 908 1129 992 postulo;

85 1015 211 1094 Uerum,
235 1021 269 1082 te
288 1036 421 1101 quaeso,
445 1023 663 1082 aestumatum
681 1016 766 1082 hune
783 1015 863 1081 mihi
882 1015 950 1096 dee,
970 1036 1067 1099 quem
1079 1018 1208 1083 mittam

794 1123 837 1191 ad
861 1131 999 1208 patrem,
1279 1114 1282 1120 ¹

87 1232 175 1298 Utis
198 1233 298 1299 homo
321 1233 503 1298 redimatur
525 1231 584 1298 illi.

581 1340 708 1422 Hegio

612 1449 714 1514 Immo
737 1450 839 1516 alium
862 1450 975 1534 potius
997 1452 1117 1516 misero
1156 1469 1208 1521 340

85 1556 174 1636 Hine,
196 1557 254 1624 ubi
277 1565 374 1624 erunt
395 1557 554 1636 indutiae,
578 1557 666 1637 illue,
688 1564 779 1623 tuum
799 1559 856 1642 qui
874 1559 1048 1624 conueniat
1070 1564 1208 1643 patrem,

87 1663 142 1742 Qui
164 1673 234 1746 tua,
256 1686 342 1749 quae
364 1671 400 1731 tu
422 1666 565 1746 iusseris,
589 1665 746 1731 mandata
768 1667 816 1730 ita
838 1673 875 1731 ut
897 1666 981 1731 uelis
1005 1665 1159 1750 perferat.

539 1773 748 1857 Tyndarus

86 1882 124 1947 At
144 1880 227 1946 nihil
252 1888 303 1948 est
324 1883 472 1964 ignotum
496 1882 538 1947 ad
561 1880 653 1946 illum
675 1883 823 1964 mittere3
846 1903 981 1967 operam
1003 1883 1133 1948 luseris.

85 1989 177 2055 Hune
200 1990 304 2070 mitte,
327 1991 381 2055 hio
403 1997 608 2056 transactum
629 1991 748 2056 reddet
771 2011 874 2070 omne,
897 1992 925 2055 ei
947 1990 1026 2056 illue
1048 1991 1186 2056 uenerit.

86 2097 150 2164 Neo
173 2119 373 2183 quemquam
394 2098 575 2164 fideliorem
597 2119 703 2183 neque
722 2100 799 2183 quoi
817 2100 893 2184 plus
912 2099 1027 2164 eredat
1046 2104 1140 2182 potes
1158 2113 1210 2168 em

86 2207 213 2273 Mittere
236 2206 280 2273 ad
303 2228 385 2286 eum,
408 2227 469 2272 nee
491 2208 548 2290 qui
571 2209 676 2291 magis
700 2209 744 2272 sit
767 2224 881 2273 seruos
904 2229 944 2273 ex
967 2207 1144 2286 sententia,

85 2315 194 2401 Neque
216 2315 299 2382 adeo
322 2315 400 2399 quoi
421 2321 515 2380 tuum
537 2316 713 2382 concredat
733 2315 837 2380 filium
860 2315 958 2382 hodie
980 2315 1150 2382 audacius.

87 2423 131 2488 Ne
154 2444 303 2504 uereare3
326 2445 399 2490 meo
423 2423 546 2507 periclo
568 2423 666 2490 huius
689 2445 749 2508 ego
773 2424 925 2508 experiar
946 2423 1045 2490 fidem

88 2530 201 2597 Fretus
223 2532 353 2615 ingenio
376 2536 456 2614 eius,
481 2533 567 2616 quod
591 2553 642 2598 me
666 2553 737 2598 esee
761 2534 824 2599 soit
846 2553 924 2615 erga
945 2553 980 2598 se
1001 2530 1208 2597 beneuolum.

583 2641 709 2724 Hegio

88 2747 212 2814 Mittam
236 2749 389 2833 equidem
411 2751 518 2814 istunc
541 2755 763 2814 aestumatum
785 2755 846 2814 tua
866 2747 940 2830 fide,
966 2750 994 2814 ei
1015 2749 1076 2814 uie.

541 2857 752 2942 Tyndarus

1046 2961 1139 3030 Uolo.
1160 2979 1211 3034 350

92 3071 190 3149 Quam
213 3073 381 3139 eitieeume
405 3079 526 3158 potest,
549 3081 616 3138 tam
639 3073 701 3138 hoo
724 3073 840 3139 cedere
862 3071 906 3137 ad
927 3071 1051 3138 factum
1075 3071 1159 3137 uolo.

581 3181 709 3264 Hegio

91 3289 265 3374 Numquae
278 3296 418 3368 eausast,
436 3291 525 3374 quin,
549 3292 577 3356 si
595 3289 650 3355 ille
669 3289 734 3355 hue
745 3311 810 3356 nou
823 3289 947 3368 redeat,
969 3288 1087 3372 uiginti
1104 3287 1210 3353 minas

92 3397 166 3462 Mihi
188 3398 245 3464 dee
267 3419 328 3482 pro
352 3398 432 3464 illo?
1194 3397 1198 3408 ’

541 3507 751 3591 Tyndarus

459 3615 600 3700 Optume
622 3617 730 3681 immo.

585 3723 714 3808 Hegio

757 3831 881 3897 Soluite
903 3832 1002 3896 istum
1025 3830 1211 3910 nunciam,

94 3935 193 4022 Atque
215 3945 400 4024 utrumque.

104 4131 137 4140 -ι
150 4135 260 4142 ----..--
272 4139 315 4144 --.

158 4220 206 4273 337
223 4219 294 4274 eoiar
368 4219 419 4272 388
437 4217 528 4272 donee
546 4233 609 4272 oum
687 4218 738 4271 339
755 4233 841 4286 quero
860 4221 892 4270 ut
909 4219 1086 4271 astumatum
1160 4219 1209 4270 341

99 4305 221 4359 conuenit
278 4305 330 4359 844
347 4319 431 4369 omne
447 4307 620 4358 transactum
637 4301 738 4356 reddet
798 4305 849 4358 348
866 4302 993 4372 perieulo
1045 4303 1109 4359 uiee
1126 4300 1211 4356 fidem
1249 4317 1250 4320 ’

100 4384 144 4440 ete
160 4389 318 4446 beniuolum
370 4390 422 4444 850
438 4389 524 4444 istum
543 4393 720 4458 eeetymatum
772 4389 822 4454 358
841 4387 947 4458 optima
