2960 5012
286 475 327 542 γε
795 467 890 524 runc

731 657 962 724 Nicobulus

286 765 372 844 Quid
393 767 450 848 ita,
472 766 608 834 obsecro
630 766 762 834 hercle?

734 871 960 960 Chrysalus

800 982 884 1061 Quia
906 982 1023 1068 edepol
1045 989 1136 1052 certo
1160 983 1237 1065 scio,

282 1089 457 1172 Uolcanus,
478 1091 582 1171 Luna,
606 1089 670 1171 Sol,
693 1091 781 1170 Dies,
804 1090 838 1156 di
859 1097 1028 1175 quattuor,

283 1199 515 1266 Scelestiorem
536 1199 663 1265 nullum
685 1199 833 1264 inluxere
855 1199 1004 1296 alterum

729 1306 759 1371 N
767 1307 779 1372 i
787 1307 960 1373 eubulus

285 1415 434 1493 Quamne
456 1413 741 1482 Archidemidem?

731 1521 956 1608 Chrysalus

732 1629 847 1710 Quam,
870 1633 1014 1716 inquam,
1037 1631 1308 1699 Archidemidem.

734 1755 957 1823 Nicobulus

284 1865 370 1944 Quid
391 1864 492 1932 lecit?

733 1971 955 2056 Chrysalus

541 2079 627 2158 Quid
647 2101 713 2147 non
733 2079 832 2147 fecit?
855 2082 992 2166 quintu
1014 2081 1048 2147 id
1070 2103 1122 2148 ma
1143 2083 1265 2168 rogas?
1347 2097 1389 2153 255

280 2190 505 2256 Primumdum
526 2187 650 2255 infitias
672 2191 720 2256 ire
743 2191 853 2275 coepit
875 2189 952 2271 filio,

279 2285 468 2382 Negare'se
491 2298 611 2363 debere
632 2297 695 2362 tibi
716 2297 904 2364 triobolum.
1055 2373 1057 2376 ¹

281 2404 444 2472 Continuo
466 2407 638 2487 antiquom
659 2403 825 2488 hospitem
847 2412 996 2471 nostrum
1019 2405 1082 2470 sibi
1119 2487 1121 2489 Ι

279 2513 502 2580 Mnesilochus
524 2513 709 2614 aduocauit,
732 2511 926 2597 Pelagonem
950 2534 1077 2594 senem;
1113 2505 1116 2512 ’

278 2623 328 2688 Eo
351 2627 523 2708 praesente
545 2619 669 2686 homini
692 2621 855 2706 extemplo
880 2621 1025 2688 ostendit
1048 2621 1241 2707 symbolum,
1347 2636 1389 2690 260

281 2725 383 2809 Quem
405 2736 476 2796 tute
500 2729 639 2794 dederas
663 2728 705 2794 ad
728 2750 802 2794 eum
824 2735 861 2794 ut
882 2727 984 2796 ferret
1005 2721 1084 2797 filio.

730 2861 760 2926 N
767 2861 956 2927 ioobulus

281 2969 377 3050 Quid,
400 2970 457 3035 ubi
479 2970 509 3034 ei
533 2969 678 3035 ostendit
699 2967 905 3053 symbolum?

730 3098 955 3184 Chrysalus

946 3207 1023 3273 Infit
1046 3207 1155 3274 dicere

278 3316 506 3381 Adulterinum
529 3323 563 3382 et
584 3337 649 3381 non
670 3323 765 3381 tuum
787 3337 858 3382 esse
881 3316 1079 3400 symbolum3

281 3423 433 3506 Quotque
455 3424 623 3490 innocenti
646 3425 677 3489 ei
699 3424 782 3488 dixit
805 3423 1034 3489 contumeliasl

281 3529 491 3612 [Adulterare
514 3553 589 3596 eum
611 3531 723 3596 aiebat
744 3531 843 3596 rebus
867 3530 1012 3614 ceteris]
1096 3559 1100 3564 ·
1347 3543 1388 3599 act

726 3659 956 3726 Nicobulus

279 3768 423 3834 Habetin
447 3768 585 3833 aurum?
607 3767 642 3832 id
664 3767 745 3833 mihi
768 3768 833 3833 diei
855 3769 942 3834 uolo.

731 3897 956 3984 Chrysalus

278 4007 458 4092 Postquam
481 4006 613 4094 quidem
636 4015 772 4093 praetor
793 4015 1042 4092 recuperatores
1066 4007 1165 4091 dedit,

349 4266 399 4317 252
418 4263 460 4316 sol
477 4263 544 4318 luna
563 4263 622 4317 dies
641 4263 696 4317 diei
715 4269 849 4331 quattuor
941 4251 999 4319 256'
1010 4265 1086 4334 cepit
1181 4266 1232 4320 257
1249 4259 1387 4319 triobolum

279 4349 330 4402 263
347 4367 406 4402 non
424 4367 487 4401 eum
506 4366 567 4402 esse
637 4351 688 4403 264
706 4347 879 4418 quodqueG
