2916 5006
260 501 322 560 384
739 497 901 552 Bacchides.

259 710 313 766 per
341 689 498 748 ridiculum
528 697 703 767 retorquere
732 688 978 769 praeceptorem“.
1022 690 1115 750 Immo
1144 695 1241 750 omnia
1268 694 1381 749 sincera

260 800 290 850 et
312 795 459 869 simplicia
482 799 559 865 sunt,
584 813 680 871 coque
705 795 811 852 merito
833 795 960 870 placent.

349 898 417 954 108.
452 890 638 971 Inspectum
662 897 849 954 Hermsnuus
884 915 938 954 em.
975 915 1064 954 versu
1091 895 1220 955 iubente.
1254 925 1294 934 -
1328 890 1381 953 leot·

260 999 385 1069 rosata
409 999 465 1056 tali
488 1005 637 1078 apparatu
660 1007 690 1058 et
713 1002 865 1070 comitatu,
890 999 925 1057 cf.
950 1018 978 1057 v.
1006 1000 1074 1064 112.
1121 998 1206 1056 Cure.
1231 999 1264 1054 2:
1299 1017 1379 1068 „cunr

261 1102 336 1158 sitoo
360 1109 470 1158 ornatu
493 1119 619 1176 cumque
641 1101 696 1158 hec
718 1101 915 1179 pompa“.-
936 1103 1005 1166 110.
1028 1095 1077 1158 leis
1099 1099 1171 1158 ferri
1194 1119 1252 1158 non
1271 1105 1378 1176 potest.

263 1223 319 1260 nec
343 1205 420 1260 enim
444 1203 568 1262 deloco
592 1207 705 1280 agit-ur,
740 1205 791 1262 sed
820 1187 856 1262 de
885 1211 1031 1281 apparatu
1055 1204 1222 1272 luxurioso,
1257 1222 1314 1280 quo
1336 1202 1380 1258 vel

259 1307 467 1362 severissimus
485 1305 583 1377 homo,
609 1307 705 1382 qualis
724 1307 876 1381 Lycurgus
895 1307 961 1378 fuit,
982 1309 1132 1380 corrumpi
1150 1324 1237 1381 posse
1254 1305 1378 1363 videtur.

261 1409 399 1484 Apparet
420 1403 470 1465 leis
493 1408 682 1468 scribendum
705 1430 767 1467 osse
790 1410 853 1482 vel,
884 1427 921 1466 ns
945 1429 962 1466 a
984 1407 1124 1466 Plautina
1148 1410 1264 1466 ratione
1288 1408 1378 1484 digre-

234 1509 389 1592 diamur,
428 1505 518 1569 ltt'sce.
575 1505 752 1589 [Ajeuryum
781 1517 894 1583 autem,
930 1512 979 1586 qui
1003 1511 1256 1568 severissimsmm
1285 1511 1377 1584 legum

258 1610 417 1687 Spartiatis
441 1620 544 1671 auctor
561 1613 625 1685 fuit,
661 1614 802 1672 Romanis
832 1632 949 1690 quoque
978 1631 1033 1689 pro
1063 1614 1231 1672 severitatis
1249 1613 1377 1689 exemplo

258 1714 350 1772 fuisse
373 1715 457 1772 facile
480 1717 674 1790 intelligitur,
711 1717 746 1774 cf.
772 1715 830 1776 Cic.
855 1716 894 1773 ad
916 1717 1006 1772 Attio.
1032 1714 1062 1787 Ι,
1097 1715 1150 1784 13,
1177 1717 1211 1772 3:
1251 1722 1375 1786 „uosmet

260 1817 328 1893 ipsi,
353 1819 404 1894 qui
417 1817 563 1894 Lycurgei
583 1840 600 1876 e
621 1820 769 1896 principio
792 1819 956 1890 fuissemus,
981 1816 1116 1892 quotidie
1140 1815 1375 1891 demitigamur“.

258 1920 353 1978 Amm.
368 1920 459 1978 Marc.
473 1921 568 1994 XXll,
589 1925 616 1994 9,
639 1925 666 1980 9.
689 1921 782 1992 XXX,
802 1923 830 1988 8,
847 1923 894 1992 13,
913 1939 977 1996 quse
991 1923 1088 1976 omnia
1101 1917 1139 1976 ud
1150 1920 1286 1978 Atticum
1299 1921 1374 1978 illum

257 2023 389 2080 eiusdem
418 2025 546 2081 nominis
577 2031 726 2082 oratorem
749 2023 860 2084 referre
884 2023 996 2080 frustra
1018 2027 1143 2081 conatur
1165 2023 1296 2081 Meierus
1317 2022 1373 2079 lud.

256 2125 349 2184 schol.
375 2125 494 2183 Hulens.
521 2129 697 2186 1852-53.
721 2157 763 2166 -
789 2128 858 2184 lll.
883 2121 1023 2200 capessis
1042 2125 1078 2198 ts,
1100 2147 1127 2184 v.
1141 2124 1179 2183 ad
1193 2126 1298 2202 Amph.
1312 2127 1374 2183 258.

261 2257 301 2266 -
325 2223 462 2287 aduorso
484 2224 539 2286 uia
563 2229 638 2286 nihil
661 2234 721 2301 est,
753 2231 811 2286 nisi
840 2231 917 2286 torto
940 2227 1101 2286 Bacchides
1127 2229 1157 2285 in
1181 2235 1279 2286 monte
1302 2227 1373 2285 hebi-

259 2335 323 2386 tare
349 2349 478 2387 censeas.
516 2329 710 2389 Soribcndum
735 2338 780 2390 cst
803 2325 972 2400 allouorsa,
998 2349 1056 2406 quo
1078 2331 1158 2388 facto
1176 2332 1373 2388 etiamsersus

258 2435 445 2503 restituitur,
471 2452 524 2490 uec
553 2434 611 2492 iam
641 2453 724 2511 opus,
756 2441 788 2492 ut
817 2455 882 2492 cum
906 2431 1013 2492 Gnieto
1043 2437 1073 2490 st
1095 2431 1260 2490 Ritschelio
1292 2431 1369 2503 „ted”

261 2533 418 2592 scribatur.
472 2529 542 2594 hitto
563 2531 624 2595 alio
647 2553 744 2596 uorsa
766 2534 828 2608 uia,
852 2539 871 2594 i.
896 2557 919 2592 e.
945 2557 962 2594 a
984 2537 1091 2593 nostris
1115 2535 1228 2592 aedibus
1253 2553 1371 2593 aversus.

261 2635 304 2694 Cf.
329 2636 398 2694 Aul.
423 2639 501 2694 279:
538 2637 768 2708 „aliouorsum“.
809 2669 852 2679 —
895 2639 963 2696 112.
998 2639 1070 2700 Post·
1102 2634 1249 2715 „pomps“
1287 2637 1371 2694 hiatus

261 2740 292 2794 in
323 2758 442 2796 caesura.
508 2733 628 2814 Pompa
658 2744 780 2819 proprie
809 2744 942 2798 continet
976 2759 1040 2816 quae
1071 2739 1109 2796 ad
1143 2739 1268 2798 deorum
1300 2757 1370 2796 sacre

261 2841 398 2898 facienda
428 2841 629 2915 adducuntur,
665 2845 701 2903 of.
731 2845 852 2903 Pindar.
882 2843 927 2902 Ol.
953 2845 986 2914 7,
1017 2846 1072 2901 80:
1116 2844 1209 2916 pilos
1237 2843 1370 2898 κνισάεσσιι

261 2944 371 3017 πομπὰ.
422 2943 511 3002 Poeu.
539 2945 634 3017 1015;
666 2947 719 3004 sed
748 2946 931 3004 transfertur
954 2947 1044 3003 etiam
1067 2945 1105 3002 ad
1127 2946 1242 3019 privati
1264 2943 1368 3002 couririi

261 3051 457 3122 apparatum,
494 3051 527 3104 ut
550 3046 616 3105 Ter.
641 3047 748 3108 Hcaut.
773 3051 833 3106 739
858 3069 919 3124 sq.:
967 3046 1213 3120 „Transeundum
1244 3053 1288 3104 est
1306 3063 1369 3102 nunc

262 3147 319 3205 tibi
343 3147 381 3204 ad
404 3147 610 3207 Menedemum
634 3156 664 3208 et
685 3157 738 3208 tua
760 3169 870 3228 pompa
892 3170 926 3208 oo
944 3145 1162 3208 traducenda“.
1198 3148 1292 3206 Casia.
1305 3149 1368 3204 680:

269 3249 376 3322 „Redit
399 3270 497 3308 eccum
520 3251 638 3310 tandem
663 3260 810 3329 opsonatu
832 3273 914 3312 meus
944 3252 1077 3324 adiutor3
1107 3270 1250 3328 pompam
1272 3245 1366 3307 ducit“.

257 3351 348 3410 Truc.
385 3353 457 3410 546:
513 3355 605 3427 „Quis
632 3357 656 3414 is
685 3353 815 3428 homost,
851 3357 902 3430 qui
933 3353 1016 3412 ducit
1047 3373 1188 3430 pompam
1224 3345 1361 3410 tentant*v

260 3453 430 3512 ,Baccharise
453 3455 558 3528 fragm.
583 3457 661 3532 apud
684 3457 817 3517 Macrob.
841 3457 901 3516 Sat.
925 3457 962 3530 11,
989 3458 1044 3514 12:
1083 3454 1173 3527 „haec
1195 3457 1293 3513 uentri
1312 3469 1365 3530 por·

261 3561 344 3613 tatur
364 3551 503 3633 pompa“.
545 3557 635 3618 Stich.
656 3561 733 3618 679:
762 3561 856 3632 „ferte
873 3553 1044 3636 pompam“‚
1063 3559 1100 3614 ds
1118 3557 1183 3615 sols
1201 3557 1263 3614 sere
1281 3557 1365 3629 lagena

257 3659 332 3730 sini,
352 3665 386 3716 ut
404 3659 496 3716 etiam
516 3658 599 3719 Curc.
620 3664 647 3720 2.
690 3663 733 3722 cf.
754 3663 838 3738 Capt.
858 3664 929 3720 765.
957 3689 994 3700 ·-
1017 3653 1103 3730 Huc3
1127 3658 1285 3717 Bacchidis
1305 3655 1364 3715 ades

261 3760 359 3836 digito
379 3765 536 3819 monstret.
571 3763 604 3820 ln
623 3765 687 3824 cod.
708 3765 729 3823 C
748 3784 881 3842 personae
899 3763 1040 3820 indicatio
1064 3759 1201 3837 „Lydus“
1224 3763 1254 3818 in
1271 3765 1364 3818 textum

262 3864 392 3922 transiit.
418 3891 455 3901 -
480 3856 580 3940 tabet,
604 3866 735 3940 habitat,
759 3888 787 3926 v.
805 3868 873 3924 Aul.
895 3871 921 3924 5.
945 3895 986 3906 -
1012 3865 1081 3922 114.
1105 3863 1216 3922 Versus
1238 3863 1365 3939 repetitur

262 3971 371 4029 Pseud.
387 3972 435 4028 65.
472 3969 556 4041 Quod
578 3968 690 4026 habent
713 3969 807 4042 codd,
830 3965 943 4026 suariis
964 3962 1111 4038 scutatis,
1134 3985 1188 4023 nec
1212 3968 1303 4024 totius
1322 3961 1364 4020 loci

263 4075 463 4133 conformatio
486 4091 541 4130 nec
563 4093 590 4128 v.
618 4073 675 4129 118
700 4074 824 4148 patitur.
877 4071 1065 4128 Hermannus
1087 4088 1175 4126 unaru
1199 4087 1298 4126 vocem
1318 4083 1365 4123 essa

264 4177 343 4234 vidit
366 4197 383 4234 a
405 4181 496 4252 poeta
517 4173 629 4247 fictam,
665 4181 698 4230 ut
724 4168 974 4246 „suauisauiatio“
1000 4173 1085 4246 qurrsi
1108 4172 1239 4246 repetita
1261 4167 1365 4227 sevistis

260 4282 318 4350 sit;
341 4278 393 4336 sed
416 4279 446 4336 in
469 4277 525 4335 tali
548 4277 747 4351 geminatione
764 4277 845 4334 vocis
863 4277 958 4332 formo
975 4294 1034 4331 non
1054 4283 1098 4330 est
1117 4272 1269 4345 varianda,
1293 4285 1365 4346 qusrc

260 4400 329 4438 oum
355 4381 379 4438 B
401 4399 480 4438 man.
503 4399 549 4456 pr.
574 4379 680 4455 scripsi
704 4373 967 4448 suauisuaut'als'O,
997 4381 1031 4433 ut
1059 4376 1146 4432 etiam
1170 4375 1196 4431 A
1226 4377 1255 4431 in
1277 4368 1363 4430 Pseud.
