2916 5006
504 529 536 584 v.
557 531 733 586 usa-naa.
1116 539 1177 601 451

66 729 183 784 mentem
213 721 299 784 tibi“.
330 755 371 766 -
405 725 476 784 Haec
503 725 598 784 verba
626 725 694 784 edd.
718 727 788 786 inde
818 747 835 785 e
863 747 910 806 pr,
939 727 1105 788 Philoxeno
1132 729 1182 788 de·

65 828 177 900 derunt;
200 827 339 912 equidem
363 827 448 887 codd.
471 847 589 906 sequor.
623 828 724 888 Etiam
747 829 882 906 Seyffert.
907 828 991 890 Stud.
1015 851 1045 907 p.
1071 831 1180 890 2Bec-

66 929 136 987 chidi
158 930 257 988 dende
279 935 393 1002 censet3
417 926 527 990 amabo
545 931 623 989 enim
640 951 752 990 marem
768 933 844 990 mari
862 933 960 992 dicere
978 951 1065 1010 posse
1081 938 1180 1008 negat,

64 1032 134 1106 quod
148 1053 245 1110 quum
270 1053 377 1109 magna
397 1033 533 1092 locorum
563 1033 756 1094 multitudino
783 1033 908 1112 probet,
942 1041 1042 1094 tamen
1071 1053 1180 1114 repug-

63 1141 143 1193 nante
165 1156 224 1194 uno
254 1135 359 1194 saltem
382 1135 576 1195 Mostellariae
598 1137 664 1196 loco
689 1133 777 1210 (878)
808 1137 958 1196 affirmare
986 1157 1045 1196 non
1074 1137 1179 1198 audeo.

62 1239 199 1298 -1196.
222 1231 294 1298 Iam
310 1258 399 1296 seusu
416 1244 512 1312 ceret3
535 1237 581 1299 Fl.
595 1238 670 1313 del.;
692 1237 801 1299 Weis:
828 1235 989 1316 „Tamen“,
1014 1241 1094 1319 quod
1116 1261 1180 1300 sen·

61 1342 148 1398 tentia
174 1341 326 1418 postulet,
361 1341 411 1400 sed
437 1335 514 1400 Tam
537 1343 726 1401 scribendum
749 1342 872 1402 videtur
894 1343 998 1402 eadem
1020 1345 1065 1417 vi,
1100 1343 1181 1420 quod

62 1445 142 1501 etiem
166 1442 302 1518 Seyffert.
329 1443 523 1517 commendat,
548 1443 631 1504 Stud.
650 1465 680 1524 p.
701 1447 756 1518 143
781 1445 815 1505 cf.
839 1445 920 1506 Fest.
943 1465 973 1523 p.
998 1447 1075 1506 360:
1102 1447 1182 1522 „An-

61 1547 131 1624 tiqui
162 1553 225 1606 tam
254 1549 342 1606 etiem
372 1566 428 1623 pro
457 1553 559 1606 tamen
589 1550 635 1606 usi
665 1553 736 1606 suut
765 1545 839 1608 etc.“
897 1548 981 1606 Hanc
1008 1549 1182 1608 formamA

60 1653 184 1708 servavit
207 1649 298 1708 Stich.
323 1650 380 1707 48:
419 1653 463 1722 ,si
494 1650 539 1708 illi
569 1651 688 1728 inprobi
712 1653 773 1708 sint
801 1656 893 1728 etque
921 1651 1008 1710 aliter
1037 1647 1098 1725 [ln]
1127 1671 1181 1710 noe

59 1751 164 1810 facient
195 1771 281 1829 quam
312 1756 482 1829 aequomst,
516 1759 578 1811 tam
605 1753 658 1830 pol
686 1753 786 1828 Magis
819 1773 874 1812 nos
907 1754 1046 1812 omnibus
1074 1753 1181 1812 obnixe

59 1853 159 1930 opibus
191 1854 333 1913 Nostrum
361 1853 491 1913 officium
520 1857 689 1915 meminisse
718 1853 840 1930 decet“,
881 1875 915 1914 ac
942 1857 1107 1914 verisimile
1135 1863 1182 1916 est

58 1956 119 2014 eliis
140 1957 215 2016 locis
239 1957 454 2016 restituendam
478 1977 551 2018 esse.
584 1988 621 1998 -
656 1957 869 2036 Epicureorum
900 1965 999 2016 autem
1023 1961 1180 2032 sententie,

59 2077 140 2132 quem
174 2059 300 2118 Bacchis
334 2059 483 2119 Nicobulo
516 2063 548 2120 in
581 2067 710 2120 mentem
743 2065 881 2134 revocat,
916 2061 989 2119 satis
1022 2067 1095 2120 nota
1127 2067 1181 2120 est.

56 2159 154 2221 Lemb.
182 2162 269 2220 affert
297 2161 417 2222 Lucret.
441 2163 502 2236 III,
528 2165 589 2222 912
619 2183 662 2242 sq.
690 2163 807 2237 „brevis
835 2168 880 2221 est
907 2164 955 2220 hic
983 2163 1099 2221 fructus
1126 2163 1179 2222 ho·

56 2264 158 2324 mullis.
215 2265 278 2323 Iam
300 2265 408 2338 fuerit,
442 2286 538 2342 neque
567 2273 637 2344 post
663 2286 796 2344 unquam
819 2285 958 2324 revocare
980 2261 1113 2324 licebit“.
1137 2296 1180 2306 -

58 2367 262 2426 1197—1201
288 2371 454 2445 septenarii
476 2389 563 2447 anap.
586 2399 629 2409 -
659 2364 804 2428 amiseris
828 2368 929 2441 codd.;
963 2368 1051 2427 Both.
1075 2367 1110 2428 R.
1133 2367 1180 2427 Fl.

60 2465 209 2541 ,emissis“
234 2475 268 2528 ut
294 2471 386 2529 1189.
409 2501 452 2511 -
474 2469 508 2530 ia
530 2472 644 2544 morte,
669 2475 689 2530 i.
713 2491 738 2531 e.
763 2491 854 2549 quum
878 2477 1013 2530 mortuus
1036 2473 1103 2544 eris,
1127 2491 1181 2530 nec

57 2574 129 2630 enim
152 2576 283 2630 mortem
304 2574 431 2632 vicinam
456 2593 519 2632 esse
542 2593 651 2650 negare
676 2573 780 2647 audet,
805 2575 840 2632 cf.
865 2573 950 2653 Cept.
974 2575 1047 2634 735.
1091 2573 1179 2632 Lucr.

55 2673 109 2747 ΙΠ,
135 2677 213 2735 88οε
251 2695 378 2753 „corpus
411 2678 456 2734 uti
491 2677 626 2735 volucres
660 2677 794 2734 lacerent
825 2679 855 2734 iu
890 2682 984 2735 morte
1018 2673 1179 2754 feraeque“.

55 2775 137 2855 Verg.
167 2777 240 2836 AEn.
269 2777 324 2850 VI,
362 2780 437 2837 371:
481 2777 624 2853 „Sedibus
656 2785 692 2838 ut
724 2780 827 2837 saltem
861 2779 987 2855 placidis
1021 2782 1052 2838 in
1086 2785 1182 2838 morte

55 2876 234 2956 quiescam“.
286 2879 387 2940 Senao.
411 2881 467 2958 Ep.
493 2884 541 2954 30,
568 2883 602 2940 9:
640 2884 684 2954 „si
707 2885 773 2959 quis
796 2883 956 2940 revixisset
978 2887 1009 2939 et
1030 2885 1062 2941 in
1085 2887 1181 2940 morte

54 2983 125 3041 nibil
148 2984 220 3042 mali
245 3003 308 3040 esse
330 2989 470 3042 narraret
492 2982 664 3060 expertus“.
709 2983 776 3042 Non
806 3003 880 3060 opus
911 2985 1018 3060 igitur,
1052 2989 1087 3041 ut
1113 3003 1180 3042 cum

54 3083 86 3142 R.
110 3087 306 3162 corrigemus:
334 3085 384 3160 „id
406 3092 477 3164 post
499 3083 658 3144 mortem“.
686 3117 721 3126 —
750 3087 843 3145 1198.
865 3081 922 3144 sed
942 3105 997 3161 pro
1022 3086 1053 3144 et
1073 3087 1180 3162 scripsi

54 3208 140 3246 sensu
170 3187 301 3247 iubente.
357 3187 430 3246 Post
458 3189 559 3247 metuo
589 3193 686 3247 eutem
718 3207 830 3246 comme
856 3189 955 3264 posui,
987 3189 1056 3264 quie
1085 3191 1180 3247 couti·

53 3297 162 3349 nuatur
185 3292 283 3349 oratio
305 3293 440 3367 proximo
462 3309 559 3363 versu,
584 3295 618 3348 ut
643 3292 722 3350 1154
747 3309 790 3368 sq.
840 3290 959 3363 Metuit,
988 3310 1025 3348 ne
1046 3289 1126 3348 filius
1149 3295 1180 3348 et

52 3413 169 3466 servus,
204 3395 229 3451 si
251 3395 316 3470 ipse
344 3393 470 3451 similem
493 3396 658 3470 nequitiem
682 3394 877 3466 commiserit,
913 3413 944 3451 se
966 3393 997 3451 iu
1019 3412 1073 3450 sua
1094 3397 1179 3470 pote-

52 3501 127 3555 state
157 3495 289 3554 habeant
316 3497 532 3573 imperiumque
559 3499 693 3572 petrium
721 3498 849 3554 amittat.
878 3525 922 3534 -
954 3496 1045 3554 1199.
1075 3489 1181 3556 Istaec

51 3597 134 3673 fiunt
162 3597 265 3672 codd.;
300 3597 403 3658 Lemb.
437 3604 571 3657 enarret:
609 3599 712 3672 „Istaec
743 3605 812 3658 sunt
841 3599 966 3671 usitata,
1001 3599 1082 3657 istaec
1111 3605 1181 3657 sunt

51 3699 196 3774 humana,
227 3706 261 3758 ut
289 3701 462 3760 Terentius:
497 3701 594 3777 Uulgo
622 3703 735 3761 iaciunt
765 3698 887 3775 (Heaut.
911 3697 1018 3774 957)“.
1070 3699 1180 3759 Verum

52 3801 176 3862 Bacchis
198 3805 224 3861 si
247 3800 301 3860 hoc
326 3803 460 3876 dixisset,
484 3805 621 3862 timorem
641 3803 788 3876 Nicobuli,
813 3823 900 3880 quem
923 3804 1030 3862 tollere
1047 3808 1179 3876 conatur,

52 3905 266 3964 confirmasset.
301 3905 395 3964 Immo
418 3911 484 3964 orat
506 3913 633 3985 patrem,
655 3913 690 3964 ut
711 3905 775 3965 filio
795 3908 977 3983 ignoscetur,
1001 3925 1056 3964 uec
1075 3925 1179 3964 veren-

53 4007 120 4066 dum
146 4027 210 4065 esse
233 4009 284 4080 ait,
308 4027 345 4065 ne
367 4009 525 4086 imperium
547 4010 579 4067 in
602 4027 668 4066 eum
691 4010 827 4082 amittat,
857 4028 925 4067 nam
947 4007 1042 4066 filium
1064 4025 1180 4082 semper

50 4111 81 4168 in
104 4112 168 4169 eius
190 4115 342 4188 potestate
365 4110 507 4184 futurum,
531 4131 585 4168 nec
603 4109 683 4187 quod
706 4111 773 4169 aliis
797 4111 848 4168 det
870 4110 1051 4182 habiturum,
1075 4109 1131 4166 nisi
1155 4109 1179 4165 si

52 4213 124 4290 quid
148 4213 185 4271 ab
208 4215 274 4290 ipso
296 4219 383 4291 patre
406 4219 511 4273 sumat.
556 4211 663 4290 Itaque
685 4215 852 4272 necessario
879 4209 962 4290 fiant
989 4209 1178 4270 scribendum

52 4324 111 4390 est;
148 4316 183 4374 cl.
212 4314 296 4375 Cura.
330 4317 400 4375 671⁴.
462 4315 613 4375 Orationis
649 4319 756 4374 vitium
791 4317 885 4374 sensit
918 4317 1009 4373 etiam
1043 4311 1176 4390 Seyffert.

52 4417 137 4477 Stud.
160 4437 189 4495 p.
216 4420 269 4492 14,
299 4417 351 4478 sed
373 4419 491 4496 lougius
515 4417 660 4476 abscessit
682 4415 828 4476 scribens:
861 4417 975 4491 „Istaec
996 4413 1113 4474 mitte“.
1135 4443 1178 4454 -

924 4529 974 4582 29*
