2922 5006
756 479 848 538 Plauti
1181 449 1357 551 uate-m

704 671 901 738 Curculio

1178 781 1289 846 Audio.
1306 797 1349 850 6ιο

240 885 274 954 Si
296 889 348 954 uis
371 887 477 954 tribus
501 887 584 953 bolis
606 888 660 952 uel
682 889 716 952 in
740 887 953 973 chlamydem.

603 1017 998 1104 Therapontigonus
1130 1098 1134 1106 ¹

817 1127 902 1207 Quin
924 1137 962 1193 tu
984 1129 1012 1194 is
1034 1129 1068 1194 in
1091 1127 1211 1194 malam
1234 1147 1349 1193 crucem

239 1231 323 1300 Cum
344 1233 439 1314 bolis,
470 1255 543 1300 cum
565 1233 698 1300 bulbis?
743 1237 872 1301 Reddin
896 1238 997 1304 etiam
1020 1243 1192 1319 argentum
1215 1243 1270 1302 aut
1290 1237 1347 1300 uir·

956 1345 1089 1429 mnam?
1215 1359 1220 1370 ·

709 1465 899 1536 Curculio

239 1573 334 1653 Quod
357 1583 536 1662 argentum,
562 1583 702 1661 questu
724 1577 804 1642 mihi
827 1579 928 1644 tricas
951 1579 1090 1644 narras?
1114 1599 1212 1662 quam
1233 1585 1269 1642 tu
1288 1577 1345 1642 uir·
1437 1560 1438 1614 l

955 1688 1062 1770 mnam

236 1789 290 1856 Me
312 1793 484 1877 reposcis?

603 1918 997 2004 Therapontigonus

517 2023 621 2104 Quam
643 2026 685 2092 ab
708 2027 825 2092 lenone
848 2027 986 2094 abduxti
1007 2027 1115 2110 hodie,
1138 2028 1241 2094 scelus
1261 2028 1323 2093 uiri.
1435 2036 1438 2047 '

701 2157 898 2225 Curculio

240 2263 373 2331 Nullam
394 2264 526 2331 abduxi.

609 2395 990 2482 Therapontigonus

520 2501 615 2570 Osrte
638 2507 794 2571 eccistam
818 2505 925 2572 uideo.

666 2635 941 2702 Phaedromus

905 2743 1008 2829 Uirgo
1029 2744 1112 2810 haec
1134 2743 1273 2809 liberast.
1299 2753 1340 2806 615

605 2873 992 2960 Therapontigonus

236 2979 352 3046 Means
364 2981 485 3048 ancilla
495 2981 600 3049 libera
611 2989 648 3048 ut
660 2985 711 3064 sit,
735 3005 832 3068 quam
851 3005 911 3067 ego
929 2997 1111 3066 numquam
1129 2981 1219 3046 emisi
1236 2971 1339 3044 manu?

663 3114 941 3181 Phaedromus

237 3217 319 3296 Quis
341 3222 401 3288 tibi
425 3223 510 3290 hanc
534 3221 625 3288 dedit
647 3225 820 3308 mancupio
840 3229 898 3290 aut
916 3222 1002 3288 unde
1022 3219 1154 3288 emisti?
1176 3219 1227 3284 iac
1244 3217 1337 3282 sciam.

606 3353 992 3440 Therapontigonus
1048 3429 1051 3437 ,

236 3459 305 3543 Ego
328 3461 461 3542 quidem
484 3483 543 3545 prc
566 3462 651 3526 istac
673 3484 743 3527 rem
766 3463 851 3528 solui
874 3461 915 3528 ab
939 3461 1101 3546 trapezita
1124 3481 1206 3538 mcc,

661 3699 939 3768 Phaedromus

1427 2808 1437 3129 l

237 3567 342 3646 Quam
359 3589 417 3652 ego
434 3569 608 3653 pecuniam
627 3570 876 3652 quadruplicem
893 3570 953 3636 abs
971 3577 1004 3636 te
1023 3577 1055 3634 et
1073 3567 1190 3634 lenone
1201 3561 1337 3632 auferam.
1437 3601 1438 3605 ,

236 3804 300 3884 Qui
322 3809 408 3874 scias
430 3808 571 3874 mercari
593 3807 735 3874 furtiuas
758 3815 856 3894 atque
879 3810 1037 3894 ingenuas
1060 3807 1213 3890 uirgines,
1296 3810 1337 3866 ιιι)
1434 3884 1438 3903 Ι

234 3913 375 3981 Ambula
396 3917 431 3980 in
452 3915 511 3980 ius,

603 4024 994 4110 Therapontigonus

565 4131 639 4198 Non
662 4153 709 4199 eo.

235 4294 464 4308 ,ηιμ-αι’..-

235 4398 238 4407 -
301 4367 350 4419 611
371 4370 402 4420 tu
420 4381 449 4420 ea
469 4367 498 4419 in
550 4366 602 4420 612
620 4364 708 4419 holeis
760 4363 845 4420 redde
