2928 5010
87 526 130 592 ΙΙΙ,
144 531 164 594 1,
179 529 264 594 12-2‚
278 529 309 580 16
557 528 719 582 Bacchides.
1156 536 1196 596 85

87 717 201 800 [Neque
224 720 285 782 mei
310 739 415 800 neque
439 725 471 782 te
494 720 543 782 tui
566 720 655 782 intus
675 719 857 802 puditumst
875 719 980 788 factis.
1004 740 1089 802 quae
1106 719 1197 800 facis,

87 826 199 901 Quibus
222 833 314 890 tuum
338 833 465 910 patrem
490 839 605 908 meque
629 847 704 901 una,
728 829 860 901 amicos,
884 825 1002 892 adfinis
1025 833 1100 891 tuos

86 933 146 998 Tua
167 936 302 998 infamia
324 935 431 998 fecisti
455 935 677 1017 gerulifigulos
700 934 812 1016 flagiti.

86 1041 168 1106 Nunc
190 1045 280 1126 prius
305 1063 403 1124 quam
427 1042 547 1106 malum
570 1045 653 1107 istoc
676 1043 785 1122 addis,
816 1049 972 1108 certumst
1002 1045 1067 1108 iam
1090 1043 1198 1108 dicam

791 1151 902 1234 patri]

87 1257 127 1322 De
144 1280 191 1322 me
210 1233 293 1322 haino
311 1258 441 1340 culpam
461 1257 643 1323 demolibor
659 1260 725 1322 iam
745 1267 778 1323 et
797 1259 996 1324 senifaciam
1009 1259 1128 1342 palam,
1148 1275 1199 1328 380
1234 1259 1236 1264 ’

88 1365 124 1429 t't
146 1366 195 1430 ille
216 1389 288 1432 euni
313 1389 352 1430 ex
374 1365 537 1430 lutulento
561 1387 662 1431 coeno
686 1387 823 1450 propere
846 1368 922 1432 hine
945 1367 1056 1432 eliciat
1078 1367 1175 1432 foras.

329 1741 631 1808 MNESILOOHUS
661 1742 948 1809 ADULESCENS.

85 1893 273 1960 Multimodis
286 1897 464 1960 meditatus
482 1903 610 1978 egomet
626 1919 753 1962 mecum
766 1919 836 1961 sum
849 1907 881 1961 et
893 1899 942 1960 ita
954 1917 1024 1962 esse
1038 1897 1196 1961 arbitror:

84 2001 203 2067 Homini
226 2007 342 2079 amico,
366 2005 453 2086 quist
476 2006 601 2069 amicus
624 2007 672 2070 ita
694 2007 743 2070 uti
766 2027 885 2070 nomen
907 2005 1062 2087 possidet,

84 2109 144 2174 Nisi
160 2111 237 2176 deos
256 2114 285 2176 ei
303 2112 385 2178 nihil
405 2121 582 2195 praestare.
618 2113 656 2177 ld
675 2135 773 2195 opera
792 2120 945 2196 expertus
964 2134 1036 2177 sum
1054 2135 1126 2178 esse
1138 2115 1196 2178 ita.

84 2216 158 2283 Nam
174 2227 209 2284 ut
229 2221 262 2284 in
280 2219 446 2303 Ephesum
467 2219 543 2286 hinc
563 2221 629 2286 abii
649 2221 769 2285 —hoc
786 2219 941 2285 factumst
958 2219 1059 2286 ferme
1077 2221 1198 2285 abhinc

792 2328 958 2394 biennium
981 2364 1024 2373 -
1147 2347 1198 2399 885

84 2431 126 2496 En
145 2434 272 2518 Epheso
296 2435 360 2500 hnc
383 2435 425 2500 ad
449 2435 663 2502 Pistoclerum
687 2459 794 2502 meum
817 2437 962 2502 sodalem
984 2438 1113 2502 litteras

85 2539 163 2617 Misi,
187 2545 324 2608 amicam
347 2551 385 2608 ut
407 2545 451 2607 mi
474 2545 637 2610 inueniret
660 2545 866 2610 Bacchidem.
918 2545 1014 2610 Illum
1042 2545 1198 2627 intellego

85 2647 248 2730 inuenisse,
273 2657 311 2715 ut
334 2671 446 2716 seruos
469 2673 559 2717 meus
583 2651 663 2716 mihi
686 2654 855 2717 nuntiauit
879 2651 1066 2736 Chrysalus.

86 2753 238 2840 Condigne
267 2759 295 2822 is
325 2781 423 2842 qnam
450 2760 600 2824 technam
624 2759 663 2823 de
687 2781 765 2824 auro
789 2761 966 2824 aduersum
990 2781 1098 2826 meum
1120 2759 1199 2826 fecit

790 2875 927 2951 patrem,

86 2970 121 3035 l't
142 2975 216 3038 mihi
240 2977 367 3039 amanti
390 2975 486 3058 copia
509 2981 596 3038 esset
598 3025 731 3051 .....
1148 2993 1199 3044 390

84 3075 157 3144 Nam
174 3083 227 3164 pol
245 3083 378 3165 quidem
395 3104 467 3146 meo
487 3083 596 3146 animo
614 3083 743 3164 ingrato
762 3083 891 3147 homine
912 3083 993 3147 nihil
1012 3083 1196 3149 infensiust.

86 3184 318 3254 llalefactcrem
343 3191 450 3255 amitti
474 3191 578 3254 satius
602 3211 701 3271 qnam
723 3191 863 3273 relinqui
887 3191 1079 3256 beneficum.

84 3292 178 3360 h'imio
201 3304 352 3381 praestat
373 3298 601 3381 inpendiosum
624 3304 657 3361 te
681 3319 780 3380 quam
801 3300 967 3379 ingratum
990 3298 1101 3364 dicier.

84 3399 158 3468 lllnd
179 3405 365 3470 laudabunt
388 3406 481 3486 bcni;
505 3405 568 3470 hoc
591 3407 690 3471 etiam
712 3407 776 3487 ipsi
799 3405 979 3488 culpabunt
1000 3407 1088 3471 mali,

85 3507 145 3584 Qua
165 3533 215 3580 me
239 3533 340 3578 causa
362 3515 467 3596 magis
490 3533 563 3578 cum
592 3535 670 3578 cura
698 3534 768 3578 esse
799 3521 986 3596 aequomst;
1016 3514 1198 3598 obuigilato

790 3641 881 3704 opus.
1148 3639 1198 3692 395

84 3722 174 3806 Nunc,
187 3729 397 3807 Mnesiloche,
418 3729 582 3812 specimen
596 3729 750 3812 specitur‚
769 3749 856 3793 nunc
868 3735 1034 3794 certamen
1046 3731 1199 3810 cernitur,

85 3833 165 3900 sisne
188 3859 301 3916 necne,
322 3843 361 3901 ut
384 3857 457 3902 esse
481 3842 621 3919 oportet,
644 3837 760 3915 malus,
783 3837 896 3915 bonus,
921 3837 1140 3920 quoinsmodi‚

142 4137 188 4189 381
206 4137 254 4192 ille
273 4153 323 4192 orn.
384 4138 434 4190 382
452 4135 551 4190 Multis
570 4135 661 4189 modis
719 4138 770 4190 883
788 4140 870 4204 quest
886 4134 914 4188 B
966 4137 1018 4190 384
1035 4135 1076 4188 ita
1093 4149 1154 4188 esse
1171 4132 1199 4186 B

83 4217 126 4269 386
142 4220 263 4276 sodalem
278 4238 372 4276 meum
409 4223 459 4275 889
477 4227 589 4275 tecnam
629 4223 680 4275 390
697 4226 778 4290 esset,
798 4221 848 4276 sed
862 4238 959 4277 eccum
972 4221 1055 4273 uideo
1069 4219 1199 4273 incedere

85 4301 125 4354 391
143 4305 296 4374 inpensiurt
374 4307 426 4360 394
443 4305 526 4359 Illum
595 4307 644 4360 395
664 4324 723 4361 esre
742 4323 775 4360 aa
793 4323 857 4361 cum
877 4305 1033 4374 ohuigilato
1052 4309 1078 4358 st
1145 4305 1196 4358 397

84 4383 163 4442 bonus
181 4409 235 4459 qna
252 4391 410 4446 cuiusmodi
