2956 5010
552 527 582 579 V,
604 529 747 581 818-834.
1144 533 1205 593 511

81 727 112 782 in
137 725 221 782 exitu
244 723 383 782 scribens.
429 723 537 780 Verum
566 743 625 780 non
657 703 845 780 ndmerornm
875 723 971 780 solum
1000 725 1075 780 vitia
1096 724 1211 794 insnnt;

82 846 151 884 nam
178 845 208 885 v.
234 826 292 884 831
318 827 420 902 inepte
448 825 600 883 fastidium
631 826 694 882 eius
720 825 966 902 reprehenditur,
1001 827 1052 901 qui
1082 827 1213 882 animum

80 931 113 987 in
142 928 334 986 antecedenti
363 947 452 986 versu
480 947 603 1005 prorsus
632 930 809 985 contrarium
841 927 979 986 ostendit.
1041 929 1133 985 Immo
1164 927 1211 984 hie

80 1051 189 1090 versus
212 1031 250 1088 ud
272 1049 300 1088 ν.
326 1031 386 1088 828
410 1030 587 1106 respondet,
618 1049 710 1106 eoque
737 1030 944 1101 transferrem,
980 1031 1004 1088 si
1026 1029 1141 1106 reliqua
1163 1049 1212 1106 ge-

81 1135 177 1191 nuina
200 1139 307 1192 essent.
359 1131 393 1191 V.
418 1133 493 1204 828,
523 1133 548 1188 si
576 1131 714 1189 nnme'ros
737 1134 881 1208 excipias,
916 1133 1056 1190 Plautino
1081 1152 1137 1190 nou
1161 1132 1210 1190 ab·

81 1237 192 1294 similis
214 1235 348 1306 videtur,
378 1233 430 1292 sed
459 1233 583 1292 eundem
615 1237 748 1293 imitator
775 1233 885 1310 fingere
907 1237 1008 1310 potuit
1030 1256 1065 1292 ex
1088 1234 1209 1292 Poenui

81 1341 146 1398 405
172 1358 234 1414 sq.:
277 1336 430 1414 „Respice
476 1337 628 1412 Respexit.
673 1337 755 1394 Idem
785 1336 836 1412 pol
859 1335 1005 1397 Uenerem
1036 1338 1124 1395 credo
1154 1337 1210 1395 iac·

81 1449 185 1499 turam
208 1437 296 1499 tibi“.
341 1438 496 1516 Frequens
519 1445 616 1498 autem
640 1439 753 1498 locutio
778 1445 854 1511 erut,
884 1439 1048 1498 Fortunam
1077 1440 1211 1498 homines

82 1545 250 1620 respicere,
286 1548 316 1600 et
338 1542 537 1618 Respicientis
559 1541 700 1600 Fortunae
730 1541 804 1600 aedes
834 1547 864 1600 et
893 1543 988 1600 cultus
1012 1543 1112 1601 Roma
1141 1551 1211 1601 nota

81 1651 163 1716 erat,
195 1666 222 1704 v.
247 1645 367 1704 Becker.
400 1645 565 1702 Handbuoh
588 1643 616 1716 I,
647 1665 676 1720 p.
702 1646 773 1703 420.
818 1644 940 1702 Preller.
972 1645 1058 1703 Rern.
1082 1645 1210 1719 Mythoi.

81 1770 113 1826 p.
141 1751 211 1807 568.
257 1747 342 1819 Quod
365 1747 451 1806 codd.
475 1747 612 1824 praebent
634 1741 691 1805 hoc
713 1761 760 1804 me
781 1739 882 1817 tabee,
912 1766 968 1823 per
996 1767 1027 1804 se
1049 1767 1108 1805 non
1131 1749 1210 1806 dum·

82 1871 200 1923 narem,
224 1871 252 1909 v.
273 1850 311 1907 ad
328 1849 435 1908 Bacch.
456 1851 533 1921 9893
557 1849 675 1906 Brixiae
696 1846 789 1922 „hoc“
816 1849 936 1918 delevit,
961 1869 1019 1926 quo
1042 1853 1216 1908 octonarius.

83 1959 160 2012 satia
182 1953 278 2011 bonus
301 1953 410 2011 evadit.
463 1955 522 2011 829
548 1957 645 2009 autem
669 1957 700 2008 et
722 1954 840 2028 ineptus
864 1957 916 2023 est,
953 1957 984 2009 et
1007 1954 1104 2010 oratio
1127 1957 1210 2010 varic

82 2057 212 2115 laborat.
262 2049 322 2130 Qui
350 2053 414 2113 eat?
447 2074 506 2112 non
530 2054 640 2112 dicitur
671 2049 747 2130 (Qui
769 2053 882 2114 uocat?
914 2048 955 2130 (v.
981 2052 1054 2126 827)
1084 2056 1208 2131 probum

83 2167 145 2230 est,
170 2179 197 2217 v.
222 2157 259 2216 ad
281 2157 349 2216 nul.
372 2153 460 2230 342);
494 2177 548 2214 nec
578 2159 695 2228 iniuria,
725 2159 777 2234 qui
799 2158 876 2215 hunc
899 2177 1018 2215 versum
1041 2157 1210 2214 Plautinum

82 2265 245 2338 putarunt,
277 2261 322 2318 Fl.
347 2259 396 2318 Br.
424 2263 508 2336 „quis
532 2255 616 2316 est?“
648 2259 815 2318 ediderunt.
861 2260 935 2318 Tum
958 2254 1035 2318 mihi
1057 2261 1128 2316 ferri
1151 2279 1210 2316 non

83 2369 198 2441 potest,
234 2383 301 2420 nam
331 2363 417 2420 nimis
447 2362 520 2419 dure
543 2364 678 2436 iungitur
715 2363 805 2433 „mihi
834 2364 864 2420 in
892 2369 1027 2437 ternpore
1055 2360 1210 2425 aduenis“.

87 2461 248 2542 thaatwn
271 2465 319 2524 est
340 2469 396 2524 etc.
421 2465 499 2522 omni
518 2464 679 2533 offensione
699 2471 807 2537 carent,
832 2486 859 2524 v.
873 2465 910 2523 ad
927 2465 994 2523 Aul.
1009 2466 1080 2522 778.
1115 2464 1210 2536 Quum

83 2570 179 2646 igitur
202 2568 333 2626 dubitari
355 2572 493 2642 nequeat,
518 2569 590 2642 quin
613 2567 660 2625 hio
683 2567 764 2626 locus
787 2567 980 2626 retractando
1003 2565 1141 2625 turbatus
1163 2569 1209 2638 sit,

82 2693 120 2730 ex
144 2670 259 2729 dnobus
283 2671 407 2728 alterum
431 2669 597 2728 faciendum
620 2675 681 2742 est,
713 2676 765 2728 aut
792 2677 826 2728 ut
848 2691 894 2728 vv.
921 2672 1067 2729 829-30
1091 2669 1211 2728 damne-

82 2794 160 2844 mus,
184 2777 237 2831 ant
252 2777 287 2830 ut
307 2775 367 2832 828
386 2777 416 2830 et
434 2773 492 2831 831
515 2778 546 2830 et
562 2773 807 2831 intercedentium
825 2792 883 2830 uon
902 2773 986 2830 nulia
1007 2773 1084 2829 male
1107 2771 1211 2829 addita

83 2895 272 2948 censeamus,
307 2875 338 2932 id
368 2875 449 2952 quod
471 2875 543 2933 mihi
567 2881 597 2932 et
619 2875 689 2932 olim
713 2880 744 2932 et
766 2895 844 2932 nuno
866 2875 1058 2932 verisimilius
1081 2873 1209 2932 videtur.

82 2979 133 3037 Sic
163 2979 241 3035 anim
269 2975 407 3036 Plautum
442 2978 594 3052 scripsisse
625 2977 755 3034 arbitror
786 2997 843 3035 non
877 2979 1048 3052 interrupta
1077 2982 1210 3052 septena·

82 3101 170 3138 orum
194 3081 284 3137 serie:

571 3179 728 3255 Ergasilus

670 3283 839 3358 Ergasilum
863 3286 915 3360 qni
937 3279 1046 3340 uocat?

599 3387 694 3462 Hegio

81 3491 210 3566 Respice
233 3489 270 3547 ad
294 3509 349 3546 me.

573 3591 725 3668 Ergasilus

397 3693 430 3766 0,
455 3699 628 3769 quantumst
649 3693 800 3752 hominum
825 3698 1017 3770 optumornm
1040 3697 1170 3767 optume,

80 3798 163 3858 Cedo
187 3816 316 3854 manum.

80 3902 271 3975 Quamquam
300 3899 458 3974 pterosque
486 3896 616 3956 offendet
644 3899 746 3956 hiatus
775 3903 845 3956 ante
873 3892 1043 3972 „optume“.
1067 3924 1108 3934 -
1139 3895 1216 3952 832.

82 3998 221 4063 Mamm
244 4001 377 4078 postulat
400 3999 573 4074 gratulandi
597 4021 700 4072 causa,
724 4001 761 4058 cf.
786 4001 856 4058 853.
901 3999 992 4056 Mero.
1017 3999 1093 4056 954:
1128 3995 1211 4054 Uxor

81 4106 139 4164 tibi
167 4105 287 4181 placata
317 4108 347 4159 et
374 4101 492 4178 placida
521 4107 580 4172 est;
616 4107 691 4158 cette
715 4101 833 4160 dextras
862 4122 941 4158 nnnc
968 4097 1054 4158 iam.“
1102 4095 1210 4154 Pseud.

86 4210 183 4267 1065:
222 4206 264 4278 ,0
289 4206 455 4274 fortunate,
487 4203 558 4260 cedo
581 4203 763 4261 fortunatam
787 4197 936 4261 mannm“.
961 4231 1000 4241 -
1026 4199 1097 4258 834.
1133 4193 1212 4256 Not·

80 4305 216 4368 irascier
239 4307 335 4379 codd,
359 4323 452 4382 pravo
474 4325 570 4363 sensu.
616 4305 731 4363 Acidal.
759 4305 842 4376 ,Non
865 4307 951 4377 itast,
981 4301 1091 4374 scies“;
1116 4301 1210 4378 Gepp.

86 4411 175 4486 „Noli
199 4405 331 4487 angie1·“.
388 4407 444 4466 Sed
472 4409 522 4464 vix
551 4407 685 4466 dubitari
714 4413 830 4484 potest,
865 4408 937 4483 quin
966 4407 1029 4462 haec
1056 4405 1148 4462 verba
1176 4423 1212 4460 ex
