2960 5012
440 1759 813 1850 Puniceus

464 1984 542 2050 Lar
562 1985 788 2054 familiaris

72 2127 116 2192 No
138 2129 208 2212 quis
231 2127 378 2207 miretur,
401 2128 459 2212 qui
480 2129 551 2209 sim,
573 2130 687 2214 paucis
710 2129 854 2214 eloquar.

72 2235 137 2318 Ego
160 2235 225 2300 Lar
247 2257 320 2301 sum
341 2236 513 2301 familiaris
535 2257 576 2302 ex
597 2237 661 2304 bec
682 2237 817 2317 familie,

73 2342 159 2410 Unde
181 2349 353 2410 exeuntem
374 2365 426 2410 me
447 2343 652 2429 suspexistis.
696 2345 791 2412 Hanc
813 2344 944 2412 domum

72 2451 139 2518 Iam
158 2452 277 2519 multos
301 2473 405 2518 annos
428 2458 481 2520 est
502 2473 601 2537 quom
622 2455 779 2537 possideo
802 2458 836 2520 et
857 2453 939 2533 colo,

72 2558 158 2625 Pstri
179 2581 306 2644 auoque
328 2562 394 2626 iem
417 2561 525 2641 huius,
548 2561 607 2644 qui
627 2583 714 2627 nunc
735 2561 789 2628 hic
810 2561 920 2627 hebet.

74 2667 133 2734 Sed
153 2668 232 2735 mihi
255 2689 337 2734 auos
359 2669 456 2734 huius
478 2667 654 2734 obsecrans
677 2669 882 2736 concredidit

74 2774 292 2842 'thensaurum
314 2778 386 2842 euri
408 2777 493 2842 clem
516 2778 638 2857 omnis;
660 2779 694 2842 iu
717 2777 825 2843 medio
848 2777 921 2843 foco

73 2881 205 2964 Defecit,
228 2905 391 2951 ueneraus
413 2905 474 2965 me,
496 2890 535 2949 ut
555 2885 590 2950 id
614 2905 780 2952 seruarcm
804 2885 875 2952 sibi.

73 2989 104 3056 Is
124 2995 276 3078 quonium
297 2993 437 3058 moritur
458 3027 501 3038 -
522 2994 571 3058 ita
592 2993 690 3059 auido
713 2995 843 3076 ingenio
865 2993 942 3059 fuit:

73 3098 247 3185 Numquam
269 3101 416 3166 indicare
437 3101 472 3166 id
492 3099 561 3166 filio
583 3102 689 3195 noluit
712 3123 782 3182 suo,

73 3207 263 3293 inopemque
286 3209 416 3293 optauit
436 3210 547 3294 potius
571 3231 644 3275 eum
666 3210 860 3292 relinquere,

75 3312 171 3391 Quum
193 3339 267 3382 eum
290 3317 505 3383 thensaurum
526 3323 790 3384 conmonstreret
811 3317 879 3382 filio
902 3351 944 3364 -·

74 3425 146 3506 Agri
166 3427 300 3511 reliquit
323 3426 353 3490 ei
374 3447 440 3490 non
461 3446 616 3508 magnum
638 3425 780 3512 modum,

76 3529 233 3606 Quocum
255 3533 369 3599 labore
391 3553 510 3616 magno
533 3541 567 3599 et
587 3536 706 3600 misere
729 3537 868 3600 uiueret.

75 3638 134 3705 Ubi
152 3645 180 3708 is
203 3642 286 3708 obiit
308 3647 457 3722 mortem,
482 3642 540 3726 qui
561 3641 642 3707 mihi
664 3643 698 3707 id
720 3663 838 3708 eurum
861 3643 1008 3722 credidit,
1155 3656 1187 3709 15

76 3745 168 3834 Coepi
189 3750 377 3830 obseruare,
400 3750 495 3834 ecqui
517 3751 676 3816 maiorem
697 3750 783 3817 filius
1243 3739 1245 3747 ¹

74 3853 148 3922 Mihi
168 3859 325 3924 honorem
346 3857 494 3939 haberet,
517 3879 618 3942 quam
641 3861 711 3924 eius
732 3859 904 3924 habuisset
925 3862 1029 3941 peter,

74 3962 172 4046 Atque
193 3967 248 4032 ille
270 3987 350 4032 uero
373 3967 478 4031 minus
500 3967 673 4050 minusque
694 3965 849 4050 inpendio

76 4067 200 4154 Curare,
223 4075 397 4156 minusque
420 4095 471 4139 me
493 4075 650 4158 inpertire
673 4074 862 4140 honoribus.

75 4177 152 4244 Item
173 4203 188 4247 a
213 4205 264 4249 me
288 4188 404 4248 contre
425 4181 597 4264 factumst;
620 4203 697 4248 nam
718 4183 798 4248 item
822 4182 904 4248 obiit
927 4182 1019 4247 diem
1151 4197 1185 4250 20

77 4336 292 4353 M

142 4385 444 4484 uum'mm
