2932 5010
524 523 558 578 V.
577 525 720 578 sla-em
1121 537 1183 597 353

67 723 127 778 ielis
150 720 234 780 minis
256 719 329 778 mihi
351 717 522 778 thesaurum
546 719 663 794 eripias.
687 747 729 760 --
753 719 823 778 819.
842 719 934 794 poles
954 715 1115 796 probasse,
1141 724 1182 782 cs.

67 822 158 880 Madv.
181 821 231 882 Gr.
256 822 323 881 Lat.
346 822 418 880 407.
442 851 485 862 -
508 823 579 880 820.
602 818 731 898 iuquam
753 824 854 897 priore
876 829 1022 900 correpta,
1046 844 1073 884 v.
1088 825 1180 906 Prcll.

65 945 92 1000 p.
116 927 182 984 203.
208 955 246 964 -
272 920 518 999 stammas.
543 925 613 984 als.
637 951 680 964 -
703 925 773 983 822.
797 917 849 983 Itu
873 919 990 1001 loquor,
1015 927 1050 986 cf.
1072 927 1180 1005 Amph.

67 1029 157 1087 1014:
193 1025 329 1100 „Multo
353 1025 425 1098 Quis
448 1027 486 1086 ad
508 1027 582 1086 foris
605 1021 672 1086 eet?
711 1025 834 1084 AMPH.
857 1024 923 1100 Ego
946 1047 1019 1088 sum.
1061 1029 1180 1088 MERC.

64 1128 159 1201 Quid?
182 1149 235 1207 ego
259 1125 343 1188 sum?
371 1127 494 1189 AMPH.
517 1129 564 1188 Ita
585 1124 724 1206 loquor“.
759 1126 818 1186 Sed
833 1129 903 1188 talis
921 1133 1102 1190 asseveratio
1119 1137 1181 1190 tum

66 1231 178 1290 demum
199 1233 297 1292 locum
319 1231 419 1306 habet,
443 1233 468 1290 si
491 1231 638 1291 dubitatio
660 1233 839 1290 intercessit.
875 1231 971 1303 Quare
988 1233 1045 1292 hoc
1064 1253 1182 1310 quoque

63 1334 126 1392 loco
147 1335 241 1394 simile
264 1333 336 1411 quid
358 1335 562 1394 intercessisse
584 1333 776 1392 crediderim:
810 1333 888 1406 „Lu
912 1329 1027 1412 Nuyus
1050 1332 1182 1414 quouis?

64 1433 442 1514 STR.1taloquor“.cet.
465 1467 509 1478 —-
529 1432 577 1496 Ac
597 1433 667 1496 solu
691 1431 870 1511 quomodo?
898 1439 1040 1498 minantis
1069 1445 1122 1512 est,
1153 1459 1181 1498 v.

62 1538 99 1596 ad
120 1539 227 1616 Amph.
253 1541 324 1598 352.
348 1568 390 1578 -
412 1535 509 1614 caica,
533 1560 572 1598 sc.
596 1559 651 1612 me,
675 1537 734 1597 vid.
759 1539 797 1596 ad
819 1539 902 1624 Asin:
927 1541 997 1600 392.

142 1640 271 1717 Reliqua
305 1641 412 1700 fabulae
439 1662 510 1718 pars
539 1642 637 1714 deest,
673 1643 718 1700 cui
754 1641 883 1700 defectui
911 1643 969 1701 viri
997 1642 1078 1702 docti
1111 1645 1182 1702 olim

60 1745 147 1802 variis
170 1744 385 1820 supplementis
407 1763 578 1802 succurrere
600 1746 699 1804 conati
722 1751 800 1804 snut.
835 1745 998 1806 Pessimum
1021 1753 1077 1819 ast,
1102 1745 1183 1822 quod

59 1847 209 1923 profertur
230 1847 262 1906 iu
284 1846 416 1906 editione
439 1845 655 1906 Mediolanensi
679 1867 704 1906 a.
721 1846 813 1919 1500,
838 1865 1018 1924 quamquam
1041 1867 1059 1906 a
1080 1849 1182 1906 multis

58 1955 162 2026 postea
184 1951 362 2027 repetitum
392 1950 486 2008 multo
513 1949 628 2023 melius,
657 1953 749 2024 atque
777 1948 851 2008 adeo
879 1968 937 2008 non
965 1952 1071 2027 exigua
1093 1950 1181 2008 laude

59 2052 182 2127 dignum
211 2057 257 2112 est
284 2052 521 2130 supplementum
550 2050 640 2111 Codri
668 2049 766 2124 Urcei,
800 2051 943 2111 bonarum
978 2055 1084 2112 artium
1113 2071 1181 2129 pro·

57 2155 179 2214 fossoris
202 2155 411 2227 Bononiensis,
446 2157 498 2230 qui
527 2158 651 2212 exeunte
679 2153 785 2212 seculo
814 2155 918 2230 quinto
949 2155 1062 2214 decimo
1090 2157 1180 2227 vixit3

57 2278 130 2334 qum,
162 2260 214 2336 qui
238 2259 329 2329 volet,
358 2259 390 2314 in
409 2256 562 2328 Gronovii,
590 2255 699 2328 Bothii,
729 2257 854 2315 aliorum
880 2255 1061 2316 aditionibus
1083 2258 1181 2333 legere

55 2363 185 2438 poterit3
225 2379 278 2418 uos
313 2360 410 2419 aliena
451 2377 516 2418 cum
549 2357 696 2418 Plautinis
729 2361 852 2436 iungere
885 2359 1041 2419 noluimus.
1102 2359 1182 2419 Illud

56 2469 156 2522 autem
182 2467 306 2540 apparet
327 2463 375 2520 vel
398 2482 435 2521 ex
457 2464 507 2530 iis,
544 2481 609 2538 quse
638 2463 943 2534 commemoravimus,
971 2464 1104 2540 vestigiis
1134 2463 1182 2521 vel

55 2587 89 2625 ex
112 2567 309 2641 Argumentis
331 2565 439 2624 fabule
461 2566 644 2642 praepositis,
674 2565 879 2642 supervenisse
901 2563 1085 2638 Euclionem,
1108 2566 1180 2624 olla-

53 2689 111 2746 que
135 2671 282 2728 restituta
310 2671 354 2728 ita
382 2669 515 2742 gavisum
543 2687 619 2740 esse,
649 2671 684 2725 ut
711 2671 834 2742 repente
862 2667 939 2726 alius
968 2667 1056 2728 homo
1086 2668 1181 2727 factus

53 2774 91 2831 sit
113 2778 146 2830 et
170 2769 288 2830 abiecta
309 2769 432 2829 sordida
454 2771 582 2829 avaritia
606 2769 750 2846 Lyconidi
772 2789 831 2828 non
855 2770 951 2829 solum
974 2769 1081 2843 filiam,
1114 2791 1180 2848 quae

52 2873 181 2932 filiolum
203 2891 298 2949 nuper
321 2874 408 2932 enixa
431 2877 485 2946 est,
514 2892 636 2932 uxorem
661 2871 724 2944 det,
755 2873 918 2932 sedetiam
942 2893 1047 2932 aurum
1070 2875 1100 2932 in
1122 2874 1182 2932 olla

51 2983 209 3053 repertum
233 2974 332 3034 dotem
356 2973 416 3034 det.

136 3077 312 3156 Deperditse
352 3079 448 3155 partis
492 3076 658 3155 fragmenta
696 3097 793 3154 pauca
835 3079 915 3155 apud
958 3080 1179 3156 grammaticos,

50 3183 184 3241 maxime
212 3180 292 3258 apud
320 3179 464 3254 Nonium,
498 3185 616 3240 servata
644 3185 721 3240 sunt.
778 3180 848 3252 Qua
878 3199 936 3257 quo
964 3200 1053 3239 sensu
1081 3185 1133 3238 aut
1163 3199 1181 3238 a

49 3305 109 3362 qua
144 3303 277 3362 persona
309 3283 391 3342 dicta
423 3287 497 3356 sint,
533 3283 693 3342 admodum
721 3283 843 3342 dubium
873 3287 934 3356 est3
967 3301 1021 3341 nos
1053 3281 1181 3358 exempli

49 3408 144 3447 causa
186 3387 284 3444 omnia
315 3384 453 3445 Euclioni
492 3386 650 3444 tribuimus
689 3405 850 3463 omnesque
883 3404 986 3444 versus
1020 3386 1180 3443 statuimus

48 3489 224 3550 trochaicus
256 3490 440 3566 septenarios
474 3489 563 3546 fuisse
596 3493 627 3546 et
660 3487 697 3546 ad
730 3493 890 3547 extremam
926 3487 1033 3546 fabule
1063 3499 1188 3545 scenam·

47 3591 250 3672 pertinuisse,
275 3611 334 3668 qua
355 3590 460 3650 Euclio
483 3595 599 3650 mutato
623 3591 722 3650 animo
744 3593 875 3668 priorem
898 3592 966 3649 sitae
990 3589 1111 3666 agendae
1134 3610 1180 3647 ra·

47 3698 170 3755 tionem
189 3693 311 3752 damnat
330 3699 360 3752 et
375 3693 494 3752 liberali
517 3695 614 3752 animo
632 3699 728 3752 totum
752 3693 921 3752 thesaurum
944 3711 1055 3770 genero
1078 3691 1178 3751 donat.

138 3797 215 3856 824.
240 3777 433 3874 Septenarius
456 3797 498 3856 sic
520 3797 635 3874 expleri
656 3801 776 3873 potest:
803 3787 973 3874 „[Postulo
991 3787 1043 3874 ut]
1067 3789 1120 3871 qui
1136 3789 1181 3852 mi

49 3897 138 3964 olera
152 3895 390 3975 audapoaaat,
409 3893 486 3959 allec
495 3889 650 3977 [quoque]
663 3894 782 3958 duint.“
818 3898 922 3956 Euclio
934 3897 1032 3955 dicere
1046 3895 1179 3955 videtur:

49 4005 161 4081 „Sicut
181 4004 254 4079 ipse,
271 4001 323 4061 ubi
342 4001 435 4061 cruda
453 4000 526 4059 mihi
543 4002 624 4060 olera
641 4005 841 4078 apponuntur,
859 4000 989 4078 postulo,
1001 4005 1035 4056 ut
1054 3999 1188 4056 addatur·

46 4109 142 4181 allec,
176 4106 220 4163 ita
241 4105 315 4179 tibi,
345 4108 392 4163 cui
420 4102 512 4162 filiam
535 4106 566 4162 iu
587 4105 807 4162 matrimonium
829 4101 933 4175 trado,
968 4102 1056 4160 etiam
1080 4100 1178 4157 dotem

47 4203 193 4270 sddam.“
236 4201 312 4266 allec
330 4213 428 4266 autem
446 4207 508 4264 sive
525 4199 630 4278 balteo,
654 4205 734 4282 quod
757 4207 820 4283 gari
844 4208 948 4263 vitium
971 4203 1045 4262 dicit
1067 4203 1180 4261 Plinius

46 4313 128 4373 Hist.
154 4316 222 4370 nat.
245 4309 359 4384 XXXI,
384 4311 412 4384 8,
436 4310 491 4382 44,
517 4309 555 4366 95
580 4304 644 4381 (ubi
670 4306 784 4382 „allex“
811 4304 974 4380 scribitur),
1011 4308 1091 4365 inter
1114 4326 1181 4364 con·

47 4418 186 4476 dimonte
210 4431 289 4471 cenae
312 4417 391 4486 erat,
421 4431 449 4472 v.
473 4409 556 4470 Pers.
583 4413 658 4470 107:
698 4409 832 4488 ,Ecquid
862 4407 1026 4468 ballaeis?“
1074 4409 1180 4468 Horat.
