2922 5006
287 545 347 606 182
795 541 887 595 Plauti
1179 537 1231 610 111,
1239 543 1263 604 4.
1275 543 1390 596 101-115

684 729 1009 816 Aristophontes

283 837 357 905 Nou
386 836 462 920 fuit,
496 860 602 922 neque
638 860 697 922 ego
733 839 818 906 istuc
853 859 971 904 nomon
1000 859 1155 923 umquam
1190 839 1298 905 audiui
1325 845 1392 905 aute

999 945 1086 1011 huuc
1108 947 1206 1013 diem.

284 1053 463 1120 Philocrati
485 1055 768 1120 Theodoromedes
790 1053 853 1121 fuit
876 1061 981 1138 pater.

742 1162 952 1247 Tyndarus

1027 1271 1129 1336 Pereo
1151 1272 1264 1355 probe.

286 1377 372 1456 Quin
396 1380 559 1462 quiescis?
583 1383 594 1444 i
616 1380 804 1456 dierectum,
828 1400 883 1444 cor
906 1399 1022 1458 meum,
1045 1399 1085 1444 ao
1109 1381 1269 1462 suspende
1291 1386 1336 1460 te;
1351 1395 1391 1448 tto

284 1485 333 1551 Tu
357 1486 536 1568 subsultas‚
561 1509 620 1572 ego
643 1490 741 1554 miser
763 1489 819 1552 uix
842 1487 936 1552 adsto
959 1507 1038 1570 prae
1060 1486 1242 1554 formidine.

782 1593 908 1678 Hegio

285 1701 379 1768 Satin
400 1704 485 1769 istuc
508 1703 587 1768 mihi
610 1704 841 1788 exquisitumst
862 1703 962 1769 fuisse
985 1703 1073 1769 huuc
1097 1726 1227 1769 seruom
1250 1705 1283 1768 in
1303 1703 1391 1782 Alide,

284 1809 400 1896 Neque
424 1833 495 1878 esse
518 1811 605 1878 hunc
625 1811 870 1878 Philocratem?

519 1904 522 1910 ¹
686 1919 1010 2004 Aristophontes

510 2029 591 2094 Tam
615 2031 707 2108 satis,
733 2050 830 2112 quam
853 2049 1031 2110 numquam
1051 2027 1114 2094 hoc
1136 2029 1283 2094 inuenies
1305 2047 1390 2093 secus.

285 2134 350 2202 Sed
373 2137 431 2202 ubi
453 2139 482 2203 is
505 2158 592 2203 nunc
615 2137 688 2203 est?

786 2245 913 2328 Hegio

523 2353 587 2419 Ubi
612 2375 672 2436 ego
696 2355 837 2418 minume
861 2360 958 2438 atque
981 2355 1072 2438 ipsus
1097 2374 1131 2418 se
1154 2353 1225 2418 uolt
1248 2373 1390 2419 maxume.

285 2460 380 2544 [Tum
403 2462 501 2545 igitur
524 2483 584 2544 ego
608 2469 827 2540 aerumnatus‚
852 2462 1046 2528 deartuatus
1070 2483 1140 2528 sum
1162 2462 1262 2528 miser
1351 2475 1392 2529 635

283 2568 390 2634 Huius
404 2569 533 2634 scelesti
551 2569 688 2652 technis,
712 2572 767 2656 qui
785 2591 845 2650 me,
869 2577 906 2634 ut
928 2569 1109 2650 lubitumst‚
1130 2569 1281 2635 ductauit
1297 2563 1391 2647 dohsl

284 2675 347 2742 Sed
370 2677 447 2743 uide
471 2678 525 2742 sis.
1282 2661 1286 2668 ⁵

497 2775 500 2782 ’
689 2785 1011 2871 Aristophontes

574 2893 658 2972 Quin
681 2893 888 2977 exploratum
911 2895 984 2960 dico
1008 2901 1040 2959 et
1062 2893 1232 2978 prouisum
1254 2893 1314 2958 hoo
1334 2889 1393 2956 tibi.

784 3003 911 3086 Hegio
1276 3075 1278 3080 ,
1457 3085 1458 3090 ἵ

286 3107 432 3175 Certen?
1457 3095 1458 3106 ¹

686 3219 1011 3303 Aristophontes

393 3326 478 3404 Quin
501 3327 594 3408 nihil,
617 3329 760 3411 inquam,
783 3329 930 3392 inuenies
954 3329 1057 3409 magis
1079 3325 1142 3392 hoc
1165 3331 1256 3390 certo
1279 3322 1395 3389 certius.

205 3469 211 3480 ·
284 3433 488 3502 Philocrates
511 3438 575 3501 iam
598 3435 674 3501 inde
697 3457 800 3521 usque
825 3436 948 3500 amicus
970 3434 1034 3499 luit
1057 3434 1136 3498 mihi
1159 3456 1178 3499 a
1199 3454 1299 3518 puero
1318 3448 1395 3516 puer.

783 3543 912 3627 Hegio

286 3651 352 3717 Sed
374 3673 439 3736 qua
460 3651 581 3718 faciest
603 3659 679 3719 tuus
703 3653 825 3718 sodalis
848 3651 1072 3718 Philocrates?

686 3759 1010 3844 Aristophontes

1117 3867 1232 3932 Dicam
1254 3863 1326 3930 tibi:
1352 3871 1393 3926 elo

284 3973 460 4044 Mao'ilento
485 4001 550 4058 ore,
574 3999 655 4044 naso
679 3983 787 4057 acuto,
812 3997 947 4061 corpore
970 3977 1054 4058 albo,
1078 3975 1182 4042 oculis
1204 3973 1311 4057 nigris

285 4085 445 4151 Subrufus
469 4087 682 4169 aliquantum,
706 4085 844 4169 crispus,
869 4087 1083 4150 cincinnatus.

352 4340 1067 4410 60010110110010001000·00001001011900100
1136 4339 1281 4392 63610111.
1350 4327 1390 4379 631

286 4427 423 4480 sussultas
459 4429 509 4480 633
527 4427 718 4494 phicocratem
754 4427 805 4481 636
823 4427 951 4480 thechnis
986 4429 1037 4480 666
1055 4425 1108 4493 Qui
1118 4425 1189 4479 nihil
1224 4410 1391 4478 6410100111
