2916 5006
554 519 585 574 V.
605 522 747 574 eet-265.
1153 527 1215 588 477

91 735 262 790 quaereres.
319 717 403 773 Ante.
436 715 503 774 edd.
526 711 754 792 '„quaestioni“‚
783 715 969 775 Camerarius
1004 719 1128 776 rectius:
1167 720 1215 790 „in
1329 719 1335 734 “

90 815 297 894 quaestione“,
332 818 369 876 cf.
400 817 463 876 Cas.
490 819 549 876 507
586 816 626 892 (v.
650 819 793 896 Spengel,
825 819 922 878 Plaut.
946 840 975 896 p.
1000 817 1061 890 46).
1107 820 1214 878 Pseud.

90 924 162 981 667.
207 923 290 980 Pers.
316 923 365 979 52.
400 919 471 979 cist.
495 921 568 994 421,
591 927 626 980 ut
647 921 675 980 h.
699 921 730 992 1.,
757 920 823 996 „in“
850 921 969 982 excidit.
1009 923 1090 982 Trio.
1117 926 1213 983 1012:

92 1027 136 1098 „si
161 1025 258 1082 aberis
281 1023 317 1081 ab
342 1025 386 1080 eri
408 1022 611 1099 quaestione“.
653 1024 718 1083 Mil.
746 1027 840 1084 1271:
867 1047 921 1098 „ne
944 1027 1053 1084 siccin
1077 1032 1215 1102 expecta·

88 1125 204 1187 tione“.
229 1155 270 1166 -
292 1126 365 1184 Post
388 1139 525 1186 essemus
547 1129 578 1186 in
601 1127 625 1185 B
647 1148 750 1186 rasura
773 1133 833 1202 est,
863 1101 953 1206 quani
974 1128 1144 1188 rubricator
1166 1149 1214 1188 ex·

86 1231 184 1306 plevit
206 1229 309 1288 addito
333 1229 396 1290 HE.
421 1259 463 1270 -
487 1233 558 1289 254.
588 1245 681 1307 quom
704 1227 811 1304 dmm,
845 1233 864 1290 i.
889 1252 914 1291 e.
939 1233 1028 1290 etiam
1052 1252 1149 1309 quom.
1173 1261 1214 1274 ·-

87 1335 162 1391 255.
187 1333 302 1392 cautor.
337 1332 383 1391 Fl.
403 1353 449 1410 ep.
468 1334 535 1391 crit.
553 1353 581 1409 p.
595 1333 669 1392 XXI
688 1333 840 1408 „cauitor“
862 1335 1048 1394 scribendum
1067 1335 1214 1408 censebat,

85 1443 121 1494 ut
150 1436 278 1508 ianitor,
318 1436 425 1513 Amph.
461 1437 499 1494 67
531 1436 583 1508 al.‚
624 1457 683 1514 quo
716 1439 810 1514 magis
846 1445 1007 1514 appareret
1041 1438 1215 1496 ellitteratio

86 1539 227 1598 vocabuli
255 1541 340 1598 iuxta
372 1541 465 1615 positi
496 1539 620 1615 captum
659 1559 763 1616 parom
792 1541 894 1600 refert.
951 1541 994 1600 cf.
1019 1541 1107 1618 Epid.
1138 1543 1214 1600 355:

90 1644 176 1718 „ipse
204 1649 309 1700 cautor
338 1649 446 1720 captus
474 1639 556 1716 est“;
591 1663 650 1720 qua
679 1643 874 1702 similitudine
904 1645 1032 1721 permoti
1062 1644 1214 1702 Biioheler.

70 1753 119 1808 ,et
147 1745 230 1803 Brix.
254 1745 332 1803 hunc
365 1764 484 1802 versum
517 1747 650 1822 spurium
680 1752 840 1822 putarunt,
874 1747 993 1805 iniuria.
1050 1744 1080 1806 is
1112 1747 1216 1804 abesse

86 1850 203 1926 potuit,
233 1847 285 1906 sed
315 1848 351 1906 cs.
377 1849 448 1906 223.
471 1877 513 1888 -
537 1850 607 1907 256.
633 1863 726 1908 coccea
749 1849 796 1907 est
816 1849 867 1920 ut,
898 1848 934 1907 cl.
957 1848 1023 1908 Liv.
1049 1849 1080 1922 V,
1107 1853 1154 1921 55,
1181 1851 1213 1906 5:

90 1952 156 2024 „lla
181 1957 225 2008 cst
246 1971 351 2022 cauea,
381 1956 415 2008 nt
442 1955 560 2008 veteres
588 1951 694 2010 cloacae
719 1997 725 2010 .
748 1997 754 2009 .
775 1997 781 2010 .
805 1953 922 2026 privata
949 1953 1061 2028 passius
1089 1950 1215 2010 subeant

87 2051 200 2112 tectn“.
246 2053 322 2112 Plin.
347 2052 383 2110 H.
408 2052 443 2110 N.
467 2053 519 2126 XI,
545 2055 595 2128 37,
621 2057 670 2126 55,
697 2055 771 2113 148:
806 2052 869 2125 „Ea
891 2073 982 2112 causa
1004 2061 1063 2126 est,
1092 2061 1125 2112 ut
1152 2055 1214 2131 ple·

89 2176 199 2232 meque
222 2155 323 2214 alitum
346 2155 498 2214 hominum
521 2156 622 2214 oculos
643 2159 833 2232 potissimum
861 2153 1035 2234 appetant“‚
1065 2157 1103 2216 cf.
1130 2177 1215 2233 „spes

90 2267 139 2317 eat
161 2257 213 2316 ut“
239 2258 344 2317 Bacch.
370 2261 441 2330 367,
469 2261 602 2330 „occasio
624 2265 669 2317 est
691 2257 755 2318 ut“.
794 2260 859 2318 Mil.
884 2261 955 2320 971.
982 2289 1016 2298 -
1044 2261 1116 2318 258.
1141 2256 1215 2335 quia

89 2363 128 2420 cf.
154 2363 225 2421 203.
248 2391 291 2402 -
322 2363 392 2420 259.
424 2361 498 2420 Post
519 2358 549 2420 ei
571 2362 679 2420 hiatus.
725 2363 787 2420 Fl.:
825 2363 867 2435 „si
889 2361 958 2420 hinc
980 2358 1150 2422 abeamus“.
1173 2393 1215 2402 ·-

88 2467 163 2524 260.
186 2460 253 2524 illic
275 2465 379 2536 codd.;
405 2463 485 2538 „illi“
501 2465 588 2524 Both.
602 2465 786 2524 lli-261.
809 2461 918 2542 49me
939 2467 971 2523 in
994 2468 1128 2540 margine
1150 2465 1214 2523 cod.

86 2568 112 2626 B
137 2567 327 2626 emendatum
352 2573 406 2626 est.
429 2597 471 2608 -·-
492 2563 612 2642 fuimus
634 2570 731 2645 prima
752 2569 857 2646 longo,
886 2577 920 2626 ut
941 2570 1021 2626 inira
1045 2571 1120 2640 550,
1153 2569 1213 2626 627
1289 2558 1293 2566 ’

86 2671 216 2746 aliisque
238 2691 299 2729 non
321 2671 422 2729 multis
450 2672 537 2744 locis,
571 2692 599 2730 v.
623 2671 758 2744 Miller,
793 2672 914 2732 Nachtr.
937 2693 967 2750 p.
993 2675 1042 2731 84.
1073 2701 1114 2710 -
1142 2671 1214 2729 262.

86 2775 163 2832 Post
186 2789 265 2850 quac
286 2774 394 2832 hiatus.
440 2774 519 2834 Cam.
548 2793 603 2847 „ex
625 2783 656 2832 te
678 2771 787 2850 quae“.
826 2775 871 2834 Fl.
898 2795 993 2852 „quae
1017 2793 1072 2849 ego
1095 2794 1131 2832 ex
1153 2769 1214 2832 te“.

87 2877 184 2935 Koch.
218 2876 348 2951 „Secede
377 2877 415 2934 ad
443 2897 489 2934 me
516 2874 604 2934 huc“.
635 2907 674 2916 ·-
710 2879 781 2935 263.
820 2873 959 2953 Quarum
987 2893 1092 2936 rerum
1121 2871 1214 2951 falti-

88 2975 215 3055 loquom
238 2995 320 3054 esse,
354 2981 373 3038 i.
398 3000 423 3038 e.
447 2999 520 3056 quas
549 2999 596 3036 rea
626 2981 761 3050 mentiri,
795 2979 917 3038 liberius
946 2982 1046 3058 posito
1074 2981 1214 3056 genetivo

87 3083 210 3141 obiecti.
234 3111 275 3122 -·-
304 3083 375 3142 264.
410 3078 492 3160 quod
522 3077 635 3153 sciam,
664 3083 684 3139 i.
708 3102 733 3140 e.
758 3083 822 3140 eius
845 3082 980 3158 quidem.
1012 3082 1092 3158 quod
1115 3083 1213 3144 sciam.

87 3187 215 3244 01217.
240 3215 280 3224 -
301 3181 442 3245 nescium
464 3185 596 3262 passive,
624 3189 658 3242 ut
680 3183 757 3242 Rud.
782 3186 858 3242 275:
897 3185 946 3257 „in
974 3186 1046 3242 locis
1076 3181 1214 3242 nesciie“.
1322 3265 1323 3270 ἵ

88 3289 161 3347 Tsc.
184 3289 261 3346 Ann.
285 3287 309 3362 I,
335 3291 388 3347 59:
427 3290 544 3360 „nescia
566 3282 710 3344 tributa“.
755 3285 833 3358 XVI,
860 3289 914 3346 14:
947 3307 1061 3364 „neque
1084 3289 1215 3346 nescium

87 3391 222 3450 habebat
243 3392 384 3449 Anteium
407 3392 531 3448 caritate
554 3389 726 3466 Agrippinae
749 3391 877 3448 invIsum
894 3387 1037 3448 Neroni“.
1082 3391 1119 3450 cf.
1139 3389 1214 3448 Gell.

87 3494 148 3567 IX,
176 3495 223 3552 12.
267 3491 409 3553 nescium
436 3489 493 3552 ilbi
523 3489 660 3564 tradam,
695 3494 713 3550 i.
739 3513 763 3550 e.
793 3495 908 3552 nescire
936 3513 981 3550 me
1010 3492 1140 3564 fatebor,
1172 3492 1213 3550 cf.

88 3597 176 3655 Cure.
202 3597 277 3655 385:
323 3615 395 3673 „ego
422 3597 478 3655 boc
506 3597 649 3656 coiectum
677 3595 778 3672 lepide
807 3596 863 3654 tibi
890 3593 1038 3654 tradam“.
1069 3625 1109 3635 -
1144 3595 1214 3654 265.

88 3698 247 3774 Tyndarus
281 3719 371 3775 quum
400 3699 561 3774 Hegionem
590 3705 705 3758 secreto
734 3719 800 3758 cum
828 3698 1011 3770 Philocrate,
1046 3717 1134 3776 quem
1161 3717 1216 3775 pro

88 3821 178 3860 servo
200 3800 304 3874 babet,
340 3801 557 3878 colloquentem
587 3801 704 3874 videat,
738 3821 875 3860 successu
897 3801 960 3861 doli
990 3801 1117 3876 gaudet,
1152 3801 1215 3858 vul·

89 3911 218 3982 grataque
249 3905 379 3977 imagine
413 3923 528 3975 aenem,
562 3905 613 3979 qui
647 3903 797 3982 decipitur
831 3911 861 3962 et
893 3905 1020 3982 pecunIa
1051 3923 1104 3962 auo
1137 3902 1215 3960 freu-

91 4009 195 4080 datur,
230 4025 295 4065 cum
325 4007 390 4065 viro
420 4013 575 4083 comparat
603 4009 732 4064 tonsoris
762 4025 853 4084 opera
875 4006 1016 4084 capillum
1039 4012 1069 4063 et
1091 4005 1216 4064 barbam

89 4115 236 4188 ponente,
264 4109 300 4166 ci.
326 4107 430 4167 Bacch.
455 4110 526 4166 239.
583 4103 705 4168 ccciccc
725 4113 744 4167 i.
770 4129 794 4168 e.
819 4108 972 4182 admovet,
1002 4127 1095 4188 prope
1124 4113 1215 4180 tenet,

91 4214 128 4272 cf.
163 4212 244 4270 Men.
279 4213 357 4270 717:
407 4231 504 4283 „nunc
542 4210 663 4268 eandem
705 4215 775 4268 ante
814 4212 916 4270 oculos
950 4209 1092 4270 attinee“.
1158 4209 1216 4268 Sed

92 4315 258 4374 subiectum
291 4309 417 4388 „senex“
448 4332 512 4371 esse
534 4313 660 4372 ridetur.
705 4311 809 4388 Itaque
832 4313 968 4388 Seyffert.
991 4314 1068 4372 Phil.
1092 4311 1215 4385 XXVII,

92 4439 121 4495 p.
146 4417 223 4476 441:
263 4415 377 4490 „cultro
401 4412 451 4476 oe“
486 4415 539 4488 vel,
563 4435 600 4472 ne
632 4435 726 4488 „nunc
755 4411 831 4470 iam“
864 4414 1056 4490 bissyllabum
1080 4417 1132 4487 sit,
1165 4434 1216 4490 „oe
