2956 5010
81 1698 276 1797 Cimonlicnis
299 1745 504 1813 argumentum
527 1738 696 1798 huiusmodi
718 1743 772 1797 est.
818 1737 1010 1797 Phaedromus
1033 1739 1210 1799 adolescens

81 1841 230 1918 Epidauri
269 1841 412 1916 'virginem
446 1841 615 1900 Planesium
656 1842 774 1900 nomine
814 1845 907 1898 amat·
934 1840 1048 1900 lenonis
1082 1843 1209 1920 imperio

81 1944 256 2016 subiectam,
280 1963 403 2020 eamque
425 1945 554 2002 maximo
577 1963 668 2020 opere
690 1943 838 2001 redimere
861 1943 951 2020 cupit,
976 1943 1027 2001 sed
1051 1951 1206 2019 argentum

81 2048 176 2104 deest.
232 2043 305 2104 Eius
333 2047 523 2122 comparandi
552 2067 639 2105 causa
668 2046 832 2123 parasitum
862 2065 947 2104 suum
977 2047 1008 2104 in
1031 2045 1147 2104 Cariam
1171 2049 1207 2106 nd

81 2150 217 2209 sodalem
241 2149 389 2226 quendam
412 2151 515 2208 mittit.
561 2149 594 2206 In
618 2148 705 2207 Caria
728 2154 834 2220 autem,
858 2168 923 2226 qnoe
946 2151 977 2207 in
1000 2150 1107 2226 angulo
1130 2153 1212 2208 Asiae

80 2253 266 2330 prominenti
289 2253 348 2310 sita
369 2259 400 2310 et
422 2252 554 2329 AEgypto
585 2257 616 2310 et
637 2251 765 2327 Europa
793 2257 933 2330 opposita
955 2258 1014 2324 est,
1044 2253 1104 2310 illis
1134 2259 1206 2311 tem·

80 2355 207 2432 poribus
231 2373 310 2432 sape
332 2355 529 2414 versabantur
551 2355 662 2412 milites
685 2356 867 2426 mercenarii,
892 2355 928 2414 ci.
952 2355 1018 2414 Ter.
1039 2355 1115 2414 Eun.
1138 2358 1207 2415 126.

80 2459 191 2535 Itaque
214 2459 364 2534 parasito,
400 2477 491 2534 quum
514 2463 669 2532 argentum
693 2457 805 2516 flustra
827 2459 995 2534 quaesisset,
1030 2459 1209 2517 hortamen

81 2561 217 2638 contigit,
240 2565 276 2618 ut
297 2579 314 2618 a
336 2561 432 2619 milite
455 2559 584 2637 quodam
606 2561 765 2637 pecunioso
787 2561 975 2618 invitaretur.
1020 2560 1105 2620 Hune
1130 2581 1210 2620 com·

79 2667 165 2741 perit
193 2665 338 2740 virginem
365 2663 446 2721 illam
479 2684 496 2720 a
524 2663 630 2722 lenone
659 2666 826 2722 emisseet
855 2667 915 2722 iam
943 2665 973 2721 in
1003 2683 1037 2722 eo
1060 2684 1139 2736 esse,
1174 2669 1209 2722 ut

80 2767 241 2843 epistolam
264 2765 447 2843 Epidaurum
471 2770 574 2825 mittat
596 2767 634 2824 ad
657 2768 849 2842 trapezitam,
884 2769 936 2843 qui
958 2769 1085 2842 pecunia
1107 2767 1207 2825 lenoni

82 2871 185 2927 soluta
213 2869 359 2945 virginem
382 2868 439 2926 sibi
468 2869 642 2926 mittendam
671 2874 763 2926 curet.
807 2871 911 2944 Itaque
941 2869 1020 2926 inter
1047 2872 1147 2926 vinum
1178 2875 1210 2928 et

80 2974 179 3030 aleam
203 2971 291 3030 anulo
315 2971 418 3029 militis
446 2975 562 3048 potitus
591 2973 708 3030 domum
731 2977 891 3048 properat,
923 2976 953 3028 et
976 2971 1131 3047 epistolam
1155 2973 1210 3028 mi-

80 3077 147 3132 litis
175 3075 292 3132 nomine
328 3075 524 3151 conscriptam
559 3076 680 3150 eiusque
714 3074 801 3132 anulo
835 3073 1020 3148 obsignatam
1053 3076 1209 3150 trapezita

79 3177 178 3236 tradit
206 3178 391 3254 pecuniaque
419 3177 518 3235 soluta
547 3179 691 3254 virginem
721 3197 738 3234 a
766 3177 872 3235 lenone
904 3175 1033 3234 abducit.
1090 3177 1211 3234 Interea
1240 3180 1241 3184 ’

80 3281 186 3347 miles,
219 3285 377 3356 postquam
401 3281 632 3338 circumventum
655 3299 687 3338 se
710 3281 817 3352 sensit,
849 3281 894 3336 ira
916 3281 1054 3336 incensus
1077 3277 1207 3352 advenit,

80 3383 222 3458 malaque
244 3382 339 3440 multa
361 3389 392 3440 et
413 3385 568 3459 trapezita
581 3388 623 3441 ‘et
644 3384 742 3442 lenoni
766 3383 896 3440 minatur
919 3387 949 3440 et
971 3383 1097 3461 marimo
1119 3401 1206 3458 para·

80 3490 151 3558 aito,
176 3487 227 3561 qui
249 3483 305 3542 sibi
330 3485 450 3542 anulum
475 3486 641 3545 abstulerit.
680 3463 751 3544 'Sed
774 3485 905 3542 eiusdem
929 3485 1009 3542 anuli
1033 3486 1210 3546 testimonio·

81 3591 169 3662 virgo
193 3589 287 3664 ipsius
310 3589 413 3646 militis
434 3607 518 3646 soror
547 3607 610 3646 esse
640 3587 793 3665 probatur.
850 3587 897 3646 Sic
924 3587 1020 3646 turbae
1049 3587 1208 3660 sedantur,

81 3692 253 3750 Planesium
283 3690 457 3748 Phaedromo
485 3691 584 3763 nubit;
619 3691 701 3748 miles
728 3693 883 3768 pecuniam
916 3696 1089 3768 recuperat,
1120 3709 1212 3768 quam

80 3796 162 3863 leno,
181 3793 206 3850 si
223 3794 307 3868 virgo
325 3793 456 3866 ingenua
473 3811 537 3850 esse
554 3799 752 3869 repereretur,
773 3793 961 3852 redditurum
979 3813 1009 3851 se
1021 3795 1210 3871 promiserat.

171 3895 263 3954 Scene
292 3893 439 3971 Epidauri
473 3896 585 3971 agitur,
620 3895 678 3972 vel,
699 3899 800 3972 potius
833 3915 926 3974 prope
954 3897 1139 3973 Epidaurum
1171 3896 1209 3952 ad

83 3997 251 4074 AEsculapii
273 3997 373 4055 fanum
396 3996 472 4055 illud
495 3997 728 4068 celeberrimum,
759 4020 786 4057 v.
810 4001 857 4063 14,
878 4001 948 4058 204.
975 4001 1045 4072 217,
1069 3999 1119 4057 ubi
1142 3999 1213 4055 leno

83 4101 171 4175 gravi
201 4099 306 4158 morbo
335 4099 474 4158 laborans
502 4099 703 4158 valetudinem
731 4120 908 4178 recuperare
939 4101 1049 4160 studet.
1106 4099 1208 4159 Gracc

84 4221 144 4279 qno
173 4203 290 4262 nomine
318 4202 420 4260 sabula
448 4204 488 4260 sit
516 4201 681 4278 appellata,
715 4202 898 4276 ignoramus3
934 4203 1072 4261 Latinum
1102 4216 1210 4260 nornen

83 4305 180 4362 traxit
202 4323 219 4361 a
240 4305 388 4381 parasito,
424 4309 507 4362 cuius
529 4305 649 4362 fallacia
677 4309 707 4360 et
730 4303 833 4362 fraude
855 4309 923 4364 tota
945 4325 993 4362 rea
1016 4308 1123 4379 agitur.
1180 4305 1209 4362 ls

84 4410 184 4464 autem
208 4413 333 4483 propter
355 4407 530 4465 edacitatem
555 4404 730 4464 Curculio
754 4405 930 4483 appellatur,
955 4409 1006 4483 qui
1029 4407 1211 4466 vermiculus
