2960 5012
280 515 320 576 76
798 511 893 570 Plauti

729 700 952 786 Chrysalus

277 809 385 892 Atque
408 829 447 874 eo
468 807 610 875 fortusse
631 811 697 876 iam
721 833 804 894 opus
826 818 885 877 cst.

714 919 970 986 Pistoclerus

862 1029 965 1095 Immo
988 1029 1087 1095 ctiam
1109 1031 1217 1115 prius;

277 1133 449 1200 Nomium
471 1133 534 1200 huc
557 1135 711 1201 adueniet
733 1135 837 1215 miles,

732 1243 949 1328 Chrysalus

875 1353 919 1417 Et
941 1352 1034 1418 miles
1058 1353 1214 1436 quidem?

717 1459 972 1526 Pistoclerus

278 1567 342 1645 Qui
364 1567 404 1632 de
428 1568 613 1633 emittunda
634 1567 798 1633 Bacchide
822 1589 938 1632 aurum
961 1569 1014 1634 hic
1037 1571 1146 1654 exigit.
1343 1589 1385 1642 sco

728 1673 956 1760 Chrysalus

277 1785 407 1865 Ueniat,
431 1784 562 1869 quando
583 1783 662 1864 uolt,
686 1789 786 1867 atquc
809 1785 857 1848 ita
878 1806 919 1849 ne
942 1785 1022 1850 mihi
1046 1788 1089 1852 sit
1111 1808 1232 1854 morse.

277 1893 420 1975 Domist;
443 1916 508 1960 non
532 1898 643 1957 metuo
665 1913 726 1956 nec
749 1894 927 1976 quoiquam
950 1895 1106 1978 supplico,

277 2004 363 2068 Dum
386 2002 517 2085 quidem
539 2000 602 2065 hoc
624 2001 751 2066 ualcbit
773 2012 887 2085 pectus
910 2001 1050 2086 perfidis
1071 2025 1189 2070 meum.

276 2111 340 2176 Abi
362 2113 466 2192 intro;
490 2131 549 2194 ego
572 2109 626 2174 hic
648 2109 781 2174 curabo.
827 2109 876 2174 Tu
898 2112 987 2176 intus
1011 2110 1111 2178 dicito

277 2219 514 2285 Mnesilochum
536 2218 654 2284 adesse
676 2217 845 2283 Bacchidi.

709 2325 971 2392 Pistoclerus

884 2435 1025 2518 Faciam,
1047 2444 1085 2500 ut
1107 2436 1212 2502 iubes.
1345 2450 1388 2505 225

730 2539 952 2626 Chrysalus

275 2651 452 2732 Negotium
473 2651 536 2716 hoc
559 2649 602 2716 ad
624 2672 675 2715 me
699 2649 826 2715 adtinet
848 2652 1024 2716 aunarium.

275 2758 365 2824 Mille
388 2765 422 2824 ct
444 2758 601 2825 ducentos
623 2757 810 2842 Philippum
833 2759 1011 2825 adtulimus
1033 2781 1154 2827 aureos

276 2867 417 2951 Epheso,
442 2889 524 2950 quos
547 2867 666 2950 hospes
690 2867 804 2932 debuit
826 2875 941 2933 nostro
965 2869 1050 2949 seni;

276 2975 356 3040 Inde
380 2997 438 3060 ego
462 2975 560 3040 hodic
584 2975 727 3058 aliquam
750 2975 965 3041 machinabor
986 2975 1179 3058 machinam,

275 3083 320 3149 Ut
343 3105 460 3149 aurum
482 3083 628 3149 ecficium
651 3085 776 3149 amanti
800 3084 871 3148 erili
894 3083 971 3149 filio.
1342 3099 1388 3153 230

276 3192 340 3258 Sed
362 3191 441 3268 loris
465 3195 658 3276 concrepuit
679 3199 801 3259 nostra.
847 3191 986 3269 Quinam
1009 3195 1077 3260 exit
1098 3193 1210 3260 foras?

381 3469 623 3537 NICOBULUS
648 3470 797 3536 SENEX.
844 3469 1095 3540 CHRYSALUS
1119 3473 1290 3540 SERUOS.

723 3626 954 3692 Nicobulus

276 3731 334 3796 Ibo
357 3734 391 3795 in
412 3731 580 3813 Piraeum3
603 3734 720 3814 nisam,
743 3755 867 3817 ecquae
891 3735 1063 3800 aduenerit

277 3839 315 3904 In
338 3845 470 3924 portum
492 3861 532 3904 ex
554 3840 684 3925 Epheso
707 3844 801 3906 nauis
824 3845 1029 3910 mercatoria.

273 3948 358 4012 Nam
380 3970 471 4013 meus
493 3949 651 4014 formidat
673 3951 811 4028 unimus,
833 3935 983 4016 nostrum
1005 3959 1074 4017 tam
1097 3952 1153 4017 diu
1450 4009 1451 4034 p

274 4057 324 4121 lbi
347 4058 496 4123 desidere
518 4079 625 4140 neque
647 4059 756 4123 redire
778 4057 888 4123 filium.
1346 4069 1393 4124 235

342 4313 393 4366 219
410 4313 489 4366 miles
508 4319 537 4366 et
554 4313 634 4367 miles
732 4315 782 4367 224
800 4311 954 4369 abintroG
1046 4317 1096 4370 227
1114 4315 1257 4385 Philippos
1346 4311 1395 4364 230

271 4394 351 4450 Unde
370 4415 468 4452 eurum
1450 4429 1451 4432 ’
