2928 5010
97 526 147 594 w,
155 527 182 594 9,
199 525 304 581 48-68
592 520 752 578 Bacchides.

98 717 191 796 Quos
214 713 295 782 dare
318 733 354 780 se
376 713 538 800 promisit,
563 711 665 780 debit.
1180 729 1232 784 965

96 825 195 891 Nune
217 822 331 890 ulteris
353 823 455 888 etiam
477 821 626 888 ducentis
648 839 728 886 usus
751 824 812 901 est,
836 819 893 904 qui
915 819 1146 904 dispensentur

99 933 161 1000 Ilio
185 937 293 1017 capto,
316 937 354 998 ut
375 931 419 996 sit
440 930 590 1010 mulsum,
613 930 670 1013 qui
693 927 897 1012 triumphent
919 929 1048 994 milites.

99 1040 166 1108 Sed
178 1040 328 1106 Priamus
346 1038 401 1104 hic
419 1038 524 1104 multo
541 1038 589 1103 illi
606 1043 772 1122 praestat3
794 1059 860 1103 non
872 1037 1114 1120 quinquaginta
1124 1039 1231 1113 modo,

98 1149 367 1233 Quadringentos
388 1145 474 1214 filios
497 1146 598 1212 habet
621 1151 721 1231 atque
744 1145 895 1229 equidem
918 1145 1022 1212 omnis
1038 1146 1143 1212 lectos
1161 1149 1230 1212 siue

820 1253 959 1338 probr03

99 1365 171 1432 Eos
194 1384 254 1447 ego
277 1363 374 1431 hodie
398 1364 502 1430 omnis
525 1361 750 1429 contruncabo
774 1361 902 1440 duobus
925 1361 1003 1428 solis
1024 1363 1153 1430 ictibus.
1179 1383 1231 1436 oro

98 1473 198 1540 Nune
209 1473 340 1539 Priamo
352 1479 465 1538 nostro
478 1473 506 1538 si
518 1477 570 1537 est
587 1472 661 1554 quis
678 1475 815 1554 emptor,
833 1471 1102 1555 coemptionalem
1121 1495 1230 1540 senem

95 1580 251 1648 Uendam
274 1601 344 1664 ego,
367 1580 517 1648 uenalem
541 1599 636 1662 quem
660 1577 776 1659 habeo,
808 1579 971 1664 extemplo
993 1579 1051 1645 ubi
1074 1581 1230 1666 oppidum

819 1707 1062 1772 expugnauero.

94 1797 165 1865 Sed
187 1797 356 1862 Priamum
379 1796 566 1863 adstantem
595 1816 708 1862 eccum
737 1799 813 1860 ante
841 1802 972 1879 portam
994 1795 1106 1878 uideo;
1130 1799 1229 1864 adibo

819 1909 920 1986 atque
943 1903 1116 1990 adloquar.

265 2191 267 2194 ’
352 2210 639 2280 nicomatus.
689 2209 977 2278 canusinus,

549 2365 775 2432 Nicobulus

94 2475 285 2555 Quoianam
308 2495 373 2540 uox
395 2495 497 2560 prope
520 2495 572 2539 me
594 2474 713 2540 sonat?

555 2603 771 2690 Chrysalus

734 2709 788 2810 ιΟ
811 2713 979 2796 Nicobule,
1002 2718 1080 2799 quid
1103 2717 1161 2784 fit?

551 2821 780 2887 Nicobulus

93 2929 194 3010 Quid,
219 2929 311 3015 quod
332 2934 366 2996 te
390 2931 486 2996 misi?
510 2930 629 3013 sequid
652 2931 770 3014 egisti?

555 3059 776 3146 Chrysalus
809 3032 813 3042 .

709 3169 840 3250 Rogas?
886 3169 1100 3253 Congredere.

550 3297 777 3364 Nicobulus

1009 3410 1159 3477 Gradior.
1179 3429 1233 3483 975

554 3513 781 3599 Chrysalus

94 3625 265 3710 Optumus
277 3645 349 3689 sum
361 3631 487 3702 orator,
511 3623 554 3689 ad
570 3622 731 3688 lacrumas
750 3624 842 3708 coegi
859 3623 1024 3692 hominem
1036 3627 1229 3710 castigando

94 3733 251 3815 Malcque
274 3730 381 3813 dictis,
405 3752 490 3816 quae
514 3731 645 3814 quidem
668 3732 760 3813 quiui
784 3734 984 3800 comminisci.

553 3855 776 3923 Nicobulus

945 3964 1031 4044 Quid
1055 3969 1126 4033 ait?

165 4245 218 4298 966
237 4241 414 4313 dispensetur
434 4243 457 4300 0
528 4245 577 4298 971
597 4243 814 4312 comptionalem
831 4241 867 4310 Β,
886 4243 1066 4313 comptialem
1086 4243 1108 4298 (i
1178 4247 1229 4299 979

94 4327 248 4384 habeboO
320 4330 371 4384 979
389 4329 519 4385 adstante
537 4328 686 4384 mecumG
762 4328 899 4384 nideboO
969 4329 1079 4385 Titulus
1097 4337 1160 4384 ante
1178 4334 1229 4385 974

93 4430 147 4471 om.
201 4417 255 4469 974
271 4430 312 4483 eq.
333 4414 381 4470 NI.
399 4413 470 4483 Quid
488 4415 538 4468 fit?
558 4414 630 4482 Quid
695 4417 746 4470 975
762 4415 832 4470 haec
850 4414 962 4483 quido
1014 4415 1183 4486 congredior
1202 4415 1229 4470 B
