2928 5010
254 519 262 534 ·
311 505 373 568 170
824 499 915 556 Plauti
1254 499 1292 570 11,
1301 503 1407 568 aul-u
1461 455 1462 458 Ὺ

308 689 358 756 Ne
381 697 418 756 tu
445 711 497 756 me
527 691 673 774 ignores,
703 711 801 776 quom
831 691 995 776 extemplo
1020 711 1091 756 meo
1114 711 1132 756 e
1155 697 1329 774 conspeetu
1353 691 1408 756 abs·

1024 799 1170 878 cesseris,

307 904 416 983 Quom
438 927 489 1000 me
512 927 641 972 seruom
663 907 696 972 in
719 907 877 972 seruitute
899 925 960 990 pro
981 912 1016 972 te
1038 906 1092 971 hio
1115 907 1296 991 reliqueris,

306 1014 424 1098 Tuque
447 1021 480 1080 te
502 1035 562 1099 pro
585 1014 688 1080 libero
712 1035 783 1081 esse
807 1013 917 1096 duces,
939 1016 1057 1099 pignus
1080 1013 1212 1080 deseras
1373 1033 1412 1086 tut

307 1123 422 1205 Neque
444 1122 503 1188 des
526 1143 669 1207 oporam,
687 1143 747 1207 pro
771 1145 822 1188 me
844 1129 882 1188 ut
904 1123 1000 1188 huius
1023 1122 1175 1188 reducem
1197 1122 1298 1190 facias
1319 1122 1410 1188 filium.

306 1229 399 1296 Scito
422 1237 455 1296 te
477 1229 554 1296 hine
575 1232 673 1296 minis
696 1231 813 1314 uiginti
836 1237 1055 1296 aestumatum
1079 1232 1213 1297 mittier.

307 1339 374 1404 Fae
396 1337 502 1404 fidelis
524 1339 570 1404 sis
592 1337 690 1419 fideli,
713 1359 794 1404 oaue
816 1337 913 1404 fidem
936 1337 1058 1404 fluxam
1081 1359 1192 1422 geras3

303 1445 389 1512 'Nam
412 1453 517 1530 pater,
541 1447 619 1526 seio,
643 1445 751 1528 faciet,
775 1467 859 1530 quae
882 1445 975 1512 illum
997 1446 1107 1512 faeere
1130 1455 1262 1531 oportet
1284 1448 1386 1513 omnia.

303 1552 412 1620 Seruo
434 1554 495 1621 tibi
517 1555 550 1620 in
573 1562 769 1640 perpetuum
792 1555 935 1620 amioum
957 1575 1008 1620 me
1031 1563 1129 1638 atque
1153 1556 1241 1621 huno
1263 1558 1410 1622 inuentum

1019 1665 1139 1729 inueni.
1370 1681 1409 1732 440

304 1769 396 1835 llaeo
419 1791 478 1854 per
500 1771 670 1837 dexteram
693 1777 784 1836 tuam
806 1779 840 1837 te
863 1771 999 1837 dextera
1019 1773 1165 1838 retinens
1189 1793 1287 1836 mauu

304 1875 466 1958 Obseero,
489 1877 653 1945 infidelior
674 1879 754 1944 mihi
777 1899 816 1944 ne
839 1878 922 1960 fuas,
946 1899 1044 1962 quam
1067 1899 1126 1962 ego
1150 1901 1222 1946 sum
1245 1879 1315 1945 tibi.

303 1986 355 2051 Tu
378 1986 440 2052 hoo
463 2008 541 2071 age3
564 1995 601 2053 tu
623 1987 703 2052 mihi
725 2007 800 2053 erus
823 2007 910 2053 nune
932 2007 978 2066 es,
1007 1995 1044 2052 tu
1067 1994 1238 2072 patronus,
1262 1995 1299 2054 tu
1320 1995 1411 2071 putem

301 2093 379 2160 Tibi
401 2095 582 2161 oonmeudo
604 2115 680 2179 spes
702 2115 847 2179 opesque
868 2115 967 2162 meas.
1462 2091 1463 2096 ’

735 2243 998 2310 Philocrates

1024 2349 1224 2416 Mandauisti
1247 2352 1334 2417 satis.

301 2455 398 2525 Satin
420 2457 532 2540 habes,
554 2459 711 2526 mandata
734 2481 818 2544 quae
841 2465 926 2540 sunt,
948 2459 1037 2526 facta
1060 2459 1087 2526 si
1108 2459 1239 2526 refero?

762 2611 971 2698 Tyndarus

1261 2723 1353 2789 Satis.
1370 2735 1411 2790 tlt

730 2851 996 2920 Philocrates

301 2959 346 3024 Et
368 2965 426 3026 tua
449 2965 482 3026 et
504 2966 562 3026 tua
584 2959 647 3025 huo
670 2967 805 3028 ornatus
828 2963 996 3028 reueniam
1019 2983 1059 3030 ex
1081 2965 1256 3028 sententia.

296 3067 384 3134 Num
406 3067 484 3151 quid
506 3068 625 3134 aliud?

759 3200 974 3285 Tyndarus

502 3361 505 3367 ,
604 3308 649 3374 Ut
671 3329 770 3391 quam
794 3310 934 3393 primum
956 3309 1064 3393 possis
1088 3309 1212 3376 redeas.

732 3461 994 3528 Philocrates

1217 3573 1282 3638 Res
1304 3573 1409 3636 monet.

799 3679 926 3760 Hegio

296 3781 442 3868 Sequere
465 3805 525 3865 me,
548 3788 705 3852 uiaticum
727 3795 765 3853 ut
787 3787 860 3852 dem
883 3809 903 3852 a
925 3789 1087 3872 trapezita
1110 3787 1181 3852 tibi.

298 3891 424 3957 Eadem
447 3914 547 3976 opera
570 3915 590 3960 a
612 3902 763 3978 praetore
787 3916 913 3961 sumam
937 3897 1168 3980 syngraphum.

757 4049 972 4135 Tyndarus

1053 4155 1157 4235 Quem
1180 4149 1409 4244 syngraphum?

366 4389 417 4441 435
435 4386 577 4443 desideras
