2928 5010
268 524 328 584 108
784 518 878 576 Plauti

687 707 968 774 Mnesilochus

268 816 509 897 „Mnesilochus
534 815 674 881 sulutem
697 815 778 881 dicit
801 837 860 882 suo
882 819 1000 900 petri“.

718 923 944 1008 Chrysalus

649 1047 654 1056 ·
974 1034 1130 1099 Adscribe
1152 1033 1216 1101 hoc
1238 1036 1315 1101 cito:
1332 1051 1372 1104 τεο

268 1141 463 1224 „Chrysalus
486 1141 566 1204 mihi
588 1161 691 1222 usque
714 1162 845 1226 quaque
868 1142 1013 1226 loquitur
1035 1163 1095 1208 nco
1116 1149 1217 1222 recte,
1241 1149 1336 1226 poter,

265 1251 350 1328 Quin
371 1248 434 1314 tibi
456 1269 570 1314 aurum
592 1249 722 1314 reddidi
744 1256 778 1316 ct
800 1251 878 1333 quia
899 1271 965 1316 non
988 1258 1021 1315 tc
1045 1251 1328 1317 defraudcuerim.“

699 1356 955 1424 Pistoclerus

265 1466 370 1544 Mene,
394 1465 470 1530 dum
494 1465 616 1530 scribit.

718 1571 941 1656 Chrysalus

614 1696 619 1706 ·
647 1679 793 1745 Celerem
816 1688 946 1765 oportet
969 1704 1040 1748 esse
1064 1685 1225 1764 amatorie
1246 1704 1372 1748 menum.

696 1788 953 1856 Pistoclerus

265 1899 308 1962 At
331 1898 463 1981 quidem
485 1895 631 1961 herclest
653 1897 696 1960 cd
716 1897 923 1981 perdundum
941 1901 1045 1982 magis
1064 1920 1162 1984 quam
1181 1898 1224 1963 od
1242 1899 1374 1965 scribun-

980 2008 1056 2073 dum
1080 2009 1155 2073 cite.

689 2113 970 2180 Mnesilochus

265 2223 429 2306 Loquere3
452 2221 515 2286 hoc
537 2222 737 2304 scriptumst.

718 2327 940 2412 Chrysalus

408 2417 529 2515 ,Nunc
551 2443 646 2519 pater
668 2437 721 2514 mi,
744 2438 839 2519 proin
860 2443 897 2502 tu
920 2439 961 2503 ab
985 2460 1022 2503 eo
1046 2447 1084 2503 ut
1106 2459 1226 2504 canens
1248 2438 1315 2517 tibi,
1331 2453 1375 2506 735
1444 2466 1448 2490 ²

268 2543 506 2628 Sycophantias
532 2545 696 2627 conponit,
720 2564 837 2608 aurum
861 2551 898 2609 nt
920 2546 980 2610 abs
1003 2559 1035 2611 tc
1058 2547 1202 2624 auferat3

266 2651 310 2715 Et
333 2652 480 2734 profecto
505 2671 539 2715 se
562 2651 752 2716 ablaturum
774 2653 886 2717 dixit.“
933 2653 1034 2718 Plane
1058 2654 1247 2728 adscribito.
1286 2641 1287 2646 ἵ

694 2759 968 2827 Mnesilochus

266 2869 326 2932 Dio
350 2867 455 2932 modo.

716 2976 941 3060 Chrysalus
1449 2959 1452 3058 d

491 3085 618 3168 „Atque
641 3085 674 3149 id
697 3084 873 3168 pollicetur
895 3095 929 3150 s'e
953 3086 1106 3151 daturum
1129 3107 1247 3152 curum
1268 3087 1348 3160 mihi,

265 3189 359 3266 Quod
382 3191 455 3255 dem
478 3195 605 3270 scortiS,
629 3193 782 3278 quodque
800 3197 835 3258 in
851 3195 964 3259 lustris
987 3195 1155 3274 comedim,
1180 3215 1375 3279 congreeccr,

981 3309 1084 3386 puter.

266 3403 338 3480 Sed,
358 3415 461 3489 pater,
478 3409 564 3490 uide,
583 3429 623 3473 ne
641 3410 703 3474 tibi
723 3410 820 3474 hodie
844 3410 947 3474 uerbo
969 3411 1038 3489 det;
1061 3431 1193 3493 quaeso,
1207 3413 1313 3477 caue.“
1332 3425 1376 3478 740

688 3515 963 3582 Mnesilochus

266 3621 413 3702 Loquere
436 3643 542 3707 porr0.

716 3730 942 3816 Chrysalus

498 3838 744 3904 Adscribedum.

690 3949 967 4014 Mnesilochus

706 4057 815 4121 Etiam
838 4058 981 4142 loquere,
1005 4059 1084 4140 quid
1109 4059 1259 4139 scribam,
1280 4056 1375 4122 modo.

265 4155 484 4170 Ἢ

331 4225 382 4277 730
400 4223 456 4276 cito
475 4223 529 4278 hoc
547 4225 603 4278 cito
621 4225 648 4279 B
718 4227 768 4279 732
787 4243 885 4280 eornm
903 4227 955 4280 tibi
974 4244 1070 4294 eurum
1088 4227 1116 4281 B
1169 4225 1376 4284 ,frondonenm

262 4309 313 4359 734
330 4309 422 4375 Atque
440 4307 515 4364 idom
533 4309 629 4364 hercle
648 4327 691 4363 em
708 4311 885 4380 perdundum
935 4316 994 4390 djpo
1008 4311 1044 4379 B,
1063 4312 1135 4367 scito
1155 4314 1179 4369 0
1228 4315 1278 4370 789
1294 4325 1376 4368 comc-

263 4391 319 4444 dim
338 4399 366 4445 ct
384 4411 553 4463 congregem
605 4397 657 4450 740
674 4397 739 4452 uide
756 4397 852 4452 cnut]
