2928 5010
77 531 257 600 ιαμ-ιι
574 533 693 604 captiui.
1133 540 1194 602 163
1219 527 1222 534 ’

76 723 282 804 Philocrates,
305 723 359 788 hio
381 721 468 803 feeit,
491 723 657 789 hominem
679 723 765 807 frugi
787 731 825 788 ut
847 723 958 789 faeere
982 725 1136 808 oportuit.

74 831 149 896 Nam
161 853 223 915 ego
235 853 275 897 ex
286 831 358 910 hoe,
382 851 448 914 quo
459 851 578 914 genere
590 837 709 914 gnatus
722 833 777 911 sis,
791 833 876 912 soi03
898 833 953 898 hio
971 831 1095 898 fassust
1106 833 1195 898 mihi.

74 939 155 1006 Haeo
179 945 215 1004 tu
239 939 353 1004 eadem
375 941 403 1004 si
426 938 575 1004 confiteri
598 940 659 1018 uis,
683 947 742 1004 tua
764 959 781 1004 e
802 959 838 1004 re
859 940 987 1021 feoeris,
1145 959 1197 1012 295

74 1045 158 1124 Quae
181 1055 293 1114 tamen
315 1049 379 1114 sois
401 1049 486 1113 seire
507 1069 560 1113 me
583 1069 622 1113 ex
645 1047 717 1114 hoe.

526 1197 737 1282 Tyndarus

736 1303 829 1371 Feoit
851 1303 994 1371 officium
1017 1305 1071 1371 hio
1094 1328 1198 1388 suum,

73 1413 173 1490 Quom
196 1413 291 1479 tibist
314 1411 483 1480 confessus
506 1436 632 1492 uerum,
655 1435 848 1496 quamquam
869 1414 960 1479 uolui
983 1413 1097 1480 sedulo

70 1519 172 1586 Meam
196 1521 403 1587 nobilitatem
426 1522 593 1588 occultare
617 1529 650 1587 et
672 1543 774 1606 genus
797 1529 830 1585 et
852 1521 989 1586 diuitias
1011 1543 1110 1588 meas.

70 1629 180 1712 Hegio,
204 1651 291 1695 nuno
314 1629 446 1716 qnando
470 1632 612 1714 patriam
635 1637 669 1695 et
691 1629 880 1695 libertatem
901 1629 1042 1714 perdidi,

70 1737 137 1804 Non
156 1761 217 1822 ego
234 1739 344 1804 istune
361 1760 412 1803 me
431 1741 543 1822 potius
562 1759 661 1824 quam
680 1745 712 1802 te
735 1743 882 1802 metuere
905 1759 1044 1822 aequom
1069 1760 1196 1806 censeo.

72 1847 122 1912 Uis
145 1847 278 1912 hostilis
301 1867 374 1911 eum
396 1847 482 1912 istoc
504 1845 585 1911 feeit
607 1867 696 1910 meas
719 1867 807 1934 opes·
820 1845 1013 1928 aequabilis.
1146 1865 1195 1918 501

70 1955 211 2034 Memini,
234 1976 333 2040 quom
357 1953 444 2019 dioto
467 1954 558 2019 haud
580 1953 732 2033 audebat,
756 1953 844 2020 facto
866 1975 953 2018 nuno
976 1953 1088 2020 laedat
1109 1955 1196 2022 lieet.

70 2062 139 2144 Sed,
163 2063 286 2128 uiden?
308 2061 442 2128 fortuna
462 2061 609 2128 humana
631 2060 725 2146 fingit
747 2067 909 2146 artatque,
932 2069 971 2128 ut
992 2061 1093 2128 lubet.

68 2170 127 2250 Me,
152 2173 211 2255 qui
233 2171 317 2236 liber
339 2171 477 2252 fueram,
502 2191 634 2237 seruom
655 2169 745 2248 feeit,
769 2192 787 2235 e
809 2193 934 2236 summo
957 2169 1119 2252 infimum;

69 2279 127 2358 Qui
144 2281 299 2364 inperare
315 2281 492 2360 insueram,
515 2300 601 2344 nuno
623 2279 760 2344 alterius
782 2280 908 2363 inperio
932 2279 1106 2362 obsequor.
1148 2299 1199 2350 eoo

67 2387 108 2452 Et
130 2389 266 2472 quidem
288 2389 316 2453 si
338 2387 486 2472 proinde,
507 2393 545 2452 ut
567 2389 635 2472 ipse
658 2387 705 2451 fui
727 2387 898 2471 inperator
920 2385 1074 2469 familiae,

67 2493 215 2561 Habeam
239 2495 413 2576 dominum,
437 2518 502 2562 non
519 2517 647 2576 uerear,
670 2518 711 2561 ne
730 2497 852 2561 iniuste
875 2504 933 2561 aut
955 2499 1100 2579 grauiter
1119 2497 1197 2561 mihi

786 2605 925 2688 inperet.

67 2710 180 2795 Hegio,
203 2711 266 2777 hoo
289 2719 322 2777 te
345 2713 513 2793 monitum,
535 2713 599 2777 nisi
621 2712 705 2778 forte
727 2714 798 2797 ipse
820 2734 885 2779 non
908 2714 967 2793 uie,
989 2713 1160 2779 noluerim.

568 2855 694 2938 Hegio

71 2962 220 3046 Loquere
244 2963 412 3028 audacter.

528 3071 737 3156 Tyndarus
965 3153 968 3159 Ι

372 3178 452 3244 Tam
477 3199 536 3260 ego
559 3179 605 3244 iui
629 3187 706 3246 ante
728 3179 814 3246 liber
836 3201 935 3263 quam
959 3187 1079 3264 gnatus
1102 3187 1195 3261 tuus3

64 3287 145 3350 Tam
168 3286 248 3352 mihi
271 3307 371 3372 quam
393 3287 442 3352 ilii
464 3286 654 3354 libertatem
676 3288 806 3354 hostilis
830 3289 949 3373 eripuit
971 3310 1105 3370 manus,
1144 3305 1199 3361 ero

64 3395 147 3459 Tam
165 3393 221 3459 ille
240 3395 329 3480 apud
346 3417 407 3462 nos
425 3397 536 3476 seruit,
559 3417 658 3480 quam
678 3417 738 3480 ogo
756 3417 843 3464 nuno
859 3396 913 3462 hio
931 3395 1019 3480 apud
1031 3403 1065 3462 te
1077 3399 1196 3464 seruio.

63 3503 122 3566 Est
134 3502 284 3585 profecto
304 3503 396 3582 deus,
420 3506 486 3589 qui,
511 3525 595 3588 quae
613 3524 673 3570 nos
690 3507 843 3588 gerimus,
863 3505 1021 3588 auditque
1040 3512 1073 3570 et
1085 3506 1198 3588 uidet;

62 3611 105 3690 Is,
132 3613 182 3676 uti
203 3617 241 3676 tu
265 3631 317 3676 me
339 3611 394 3676 hio
417 3611 584 3692 habueris,
606 3613 743 3696 proinde
765 3613 857 3678 illum
880 3613 948 3678 illio
970 3617 1151 3680 ourauerit:

63 3719 156 3784 Bene
177 3720 317 3784 merenti
339 3719 422 3785 bene
445 3719 615 3804 profuerit,
638 3721 722 3787 male
745 3724 884 3788 merenti
906 3723 1060 3804 pererit.

61 3826 173 3904 Quam
193 3834 229 3892 tu
251 3825 354 3892 filium
377 3835 480 3908 tuum,
503 3834 572 3894 tam
594 3836 689 3912 pater
711 3851 763 3895 me
785 3850 877 3895 meus
901 3830 1075 3896 desiderat.
1145 3849 1195 3902 315

568 3969 623 4037 He
657 3973 694 4038 io

59 4077 197 4141 Memini
216 4097 277 4162 ego
294 4079 391 4143 istuo.
429 4075 493 4144 Sed
510 3993 774 4160 fateringeadem,
799 4101 883 4163 quae
895 4081 949 4146 hio
960 4077 1084 4145 fassust
1094 4081 1195 4146 mihi?

85 4249 291 4258 ⁴-—-—---

132 4331 183 4383 295
200 4347 214 4384 e
232 4346 282 4386 eoa
345 4335 396 4388 296
415 4333 473 4388 soio
492 4333 565 4389 seire
631 4336 682 4389 29¹7
700 4353 783 4405 qnam
844 4335 988 4391 toeneio
1050 4333 1194 4390 nolueram

57 4419 113 4470 312
133 4416 235 4485 quique
253 4433 306 4473 nos
376 4421 427 4473 316
445 4419 517 4473 istoc

936 4525 989 4578 11*
