2956 5010
260 463 322 526 576
363 521 367 530 ¹
735 456 875 514 Curculio.

258 655 368 714 emisit.
413 653 488 712 Eum
519 658 672 730 comparat
695 673 761 712 cum
783 655 821 722 iis
843 653 1002 726 militibus,
1039 675 1166 732 quorum
1196 654 1274 714 nullu
1299 655 1362 712 ratio

258 756 425 816 habebatur
452 759 484 816 iu
507 755 658 832 stipendio
682 756 875 816 numerando.
937 750 1164 816 Genlurruniur
1186 757 1301 828 milites,
1322 755 1363 813 ubi

258 861 320 918 suis
343 860 453 935 quique
477 859 636 936 manipulis
660 863 865 933 assignentur,
890 860 926 919 of.
952 859 1016 918 Mil.
1041 861 1117 920 815:
1156 861 1198 931 „si
1222 859 1363 917 centuriati
1455 901 1456 920 .

258 961 333 1020 bane
363 965 432 1020 sunt
463 961 653 1038 manuplares
684 959 771 1020 mei“.
818 961 921 1036 Polyb.
945 961 1000 1036 VI,
1025 964 1079 1034 21,
1105 967 1133 1020 7.
1179 957 1365 1037 Expurrgilur

259 1083 376 1134 nomen,
401 1063 480 1140 quod
499 1082 536 1122 ex
553 1063 718 1122 rationibus
737 1063 863 1136 deletur,
888 1065 923 1124 cf.
937 1063 1009 1124 cist.
1025 1067 1101 1146 1863
1128 1071 1178 1136 „ut
1197 1069 1365 1140 expungatur
1455 1081 1456 1128 i

259 1186 380 1238 nomen,
410 1185 447 1224 ne
476 1165 549 1244 quid
572 1165 725 1224 debeant.
772 1165 848 1226 Plin.
873 1166 909 1226 ll.
934 1167 970 1227 N.
995 1167 1032 1240 11,
1058 1169 1107 1241 26,
1134 1169 1182 1238 24,
1208 1169 1255 1225 95.
1296 1165 1365 1224 Pers.
1455 1197 1456 1240 p

259 1268 321 1328 sat.
346 1271 380 1341 2,
412 1269 449 1326 12
473 1287 517 1344 sq.
544 1269 748 1346 „pupillumve
770 1271 899 1342 utinam,
931 1291 1018 1347 quem
1048 1272 1201 1349 proximus
1223 1270 1303 1328 beree
1321 1269 1366 1324 in·

259 1371 347 1449 pello,
371 1369 569 1448 expungam“.
604 1371 650 1430 Ad
674 1392 761 1449 quem
781 1372 877 1432 locum
895 1372 1003 1432 schol:
1031 1379 1177 1444 „tractum
1197 1393 1213 1430 e
1231 1370 1366 1438 militibus,

259 1475 312 1551 qui
335 1475 476 1550 expuncti
500 1473 648 1547 dicuntur,
673 1495 762 1552 quum
786 1475 867 1534 forus
890 1475 1037 1534 s-militia
1060 1473 1239 1547 dicuntur“;
1261 1493 1320 1551 qus
1339 1491 1366 1530 ex

259 1578 403 1634 memoria
424 1575 556 1634 Plautini
577 1577 635 1635 loci
658 1575 778 1636 fluxisse
802 1577 954 1650 videntur,
985 1577 1035 1636 sed
1060 1580 1179 1636 minime
1203 1584 1281 1636 recta
1301 1579 1368 1633 suut.

259 1678 400 1754 Expungi
423 1679 500 1736 cuim
523 1679 554 1736 in
577 1699 609 1738 re
638 1679 762 1738 militari
792 1699 851 1738 non
883 1681 972 1739 aliter
1001 1680 1111 1739 dicitur
1140 1700 1229 1756 quem
1260 1681 1288 1737 in
1315 1678 1370 1736 aliie

259 1781 409 1838 rationum
443 1779 568 1852 tabulis.
609 1789 637 1840 et
672 1782 749 1858 epud
786 1790 948 1860 quaestores
977 1785 998 1842 ii
1027 1783 1136 1841 milites
1165 1788 1369 1860 expunguntur,

259 1881 369 1960 quibus
392 1882 507 1941 nullum
525 1883 707 1960 stipendium
727 1884 861 1954 debet-ur,
885 1885 966 1944 velut
985 1885 1163 1944 desertores.
1198 1879 1371 1960 Eapancuo

259 1985 355 2058 igitur
376 1980 556 2059 manipulus
577 1987 602 2044 is
626 1991 680 2058 est,
705 1989 771 2062 qui,
796 1989 866 2063 quis
888 2004 1019 2064 pugnam
1042 1986 1230 2070 detrectarit,
1254 1993 1303 2044 aut
1324 1984 1373 2042 alia

260 2086 387 2164 quadam
412 2107 500 2146 causa
522 2087 703 2165 stipendium
727 2088 841 2146 nullum
865 2095 1039 2168 accepturus
1062 2097 1120 2162 est;
1145 2089 1181 2148 ef.
1200 2085 1372 2166 Papiullig.
1455 2127 1456 2142 .

260 2189 369 2264 XLIX,
391 2191 437 2264 16,
459 2193 511 2250 15;
540 2189 604 2262 „Ex
626 2211 714 2249 csuse
738 2191 917 2250 desertionis
938 2199 1059 2252 notetus
1082 2198 1112 2250 et
1134 2193 1290 2251 restitutus
1311 2196 1373 2247 ten·

260 2295 358 2370 poris,
389 2293 469 2370 quod
493 2296 524 2351 in
548 2293 717 2352 desertione
741 2295 846 2364 fuerit,
879 2293 1035 2371 stipendiis
1066 2296 1261 2371 expungitur.
1302 2291 1375 2365 Quod

261 2397 286 2454 si
310 2395 387 2453 ratio
417 2397 583 2454 eonstiterit
613 2415 709 2472 neque
738 2395 919 2454 desertorem
949 2397 1039 2456 fuisse
1068 2399 1259 2476 apperuerit,
1290 2396 1376 2454 omnia

261 2498 412 2574 stipendis
439 2501 514 2556 eitr'u
541 2499 683 2575 temporis
717 2497 806 2556 finem
840 2498 1036 2559 redduntur“.
1066 2529 1108 2540 -
1138 2502 1208 2560 586.
1246 2519 1274 2559 v.
1298 2517 1377 2575 snpra

261 2619 291 2678 p.
319 2601 389 2658 528.
413 2629 456 2640 -
480 2602 549 2660 587.
573 2597 725 2677 reperias.
776 2600 863 2662 Both.
887 2601 933 2662 Fl.
962 2601 1074 2679 aliique
1103 2598 1282 2680 „reperies.“
1327 2600 1377 2658 Res

261 2721 366 2778 parum
390 2708 485 2772 certa,
515 2723 543 2761 r.
567 2702 604 2762 ad
627 2703 735 2781 Amph.
761 2705 831 2764 351.
863 2734 905 2744 —
936 2706 1006 2763 589.
1044 2699 1128 2780 Quid
1155 2711 1226 2764 cett.
1249 2704 1331 2764 codd.
1352 2707 1377 2760 et

261 2803 286 2862 B
309 2823 346 2860 ax
369 2807 562 2864 correctione.
581 2835 623 2846 -
645 2801 794 2866 sublitum
816 2807 981 2865 necessario
1004 2807 1209 2878 scribendum
1234 2807 1287 2866 hoc
1310 2808 1376 2865 enim

262 2925 381 2984 semper
403 2906 523 2980 dicitur,
548 2928 575 2967 v.
600 2909 637 2966 ad
661 2909 728 2966 Aul.
755 2910 824 2968 660.

351 3011 420 3068 591.
445 3008 584 3069 Curculio
603 3013 664 3070 exit
681 3029 847 3088 properans
865 3031 899 3068 ex
913 3009 1081 3070 Phaedrouri
1095 3011 1207 3070 sedibus
1220 3009 1380 3069 Planesium

262 3111 387 3190 fugiens.
416 3095 522 3171 'Miles
551 3121 602 3172 aut
629 3133 745 3172 seruam
775 3115 897 3191 reliquit
928 3119 980 3173 sut
1006 3113 1087 3172 solus
1111 3114 1141 3171 in
1164 3113 1282 3172 diuerso
1305 3117 1381 3188 perte

263 3221 404 3288 ureretur,
429 3235 496 3274 nam
519 3215 726 3277 Curculionem
750 3235 810 3275 non
833 3221 902 3274 ante
924 3235 952 3273 v.
979 3218 1038 3276 609
1064 3221 1209 3291 agnoseit.
1234 3247 1274 3256 -
1298 3211 1381 3276 Auli·

264 3333 343 3396 quos
361 3318 456 3394 poeta
479 3320 545 3396 quis
567 3318 666 3391 fuerit,
698 3321 863 3393 ignoretur.
921 3319 999 3378 Num
1023 3319 1126 3378 Livius
1155 3322 1185 3378 in
1208 3317 1323 3376 Tereo?
1345 3347 1382 3356 -

265 3423 335 3480 592.
370 3415 436 3480 Res
462 3418 509 3482 rra
538 3421 597 3488 esi.
629 3423 672 3479 its
700 3439 731 3478 se
760 3421 864 3493 habet,
899 3421 936 3480 ol.
959 3422 1043 3479 Asin.
1069 3422 1140 3480 589.
1185 3419 1291 3479 Beech.
1316 3421 1381 3476 718.

263 3522 383 3583 Trucul.
407 3527 479 3585 741.
502 3554 544 3564 —
569 3525 639 3582 594.
669 3523 778 3580 Versus
801 3529 975 3600 corruptus,
1005 3542 1071 3582 nem
1100 3519 1239 3596 „audiui“
1263 3523 1383 3599 primam

263 3628 415 3706 corripere
437 3646 496 3686 non
518 3630 627 3702 potest.
679 3623 758 3684 Both
784 3622 903 3699 „audii“
930 3645 1002 3698 scm,
1032 3629 1066 3683 ut
1094 3623 1272 3700 bisyllsbum
1301 3627 1382 3693 esset,

263 3729 309 3789 Fl.
337 3729 421 3802 „Non
443 3727 506 3786 uidi
531 3733 583 3786 aut
607 3723 745 3800 sudiui“;
780 3727 918 3803 equidem
946 3725 1034 3802 „pol“
1060 3729 1219 3786 omiserim.
1243 3755 1286 3766 -
1308 3723 1383 3783 InB

268 3826 394 3905 „fringi“
419 3830 563 3908 scripturn
586 3831 659 3902 fuit3
684 3829 736 3888 sed
758 3849 774 3886 r
796 3849 922 3888 ererum.
946 3857 987 3870 ·-·
1013 3831 1083 3889 595.
1107 3845 1156 3889 me
1177 3822 1289 3888 habere
1311 3822 1386 3886 bunt

264 3952 320 3992 em.
344 3931 497 3991 Gruterus.
544 3927 671 4006 Amed,
696 3930 776 4009 quod
799 3951 874 3990 unus
899 3931 921 3990 B
944 3931 1043 4004 habet,
1068 3930 1114 3991 Fl.
1138 3930 1257 4006 digredi
1280 3931 1383 4000 noluit,

264 4043 294 4094 et
317 4053 407 4110 quum
432 4040 500 4092 ente
523 4034 600 4092 hunc
623 4053 739 4093 versum
759 4035 1005 4112 interpunxisset,
1029 4035 1145 4094 omissis
1163 4032 1313 4110 prioribus
1326 4032 1384 4090 ed.:

267 4137 367 4212 „Quae
386 4132 563 4214 [extemplo]
581 4135 633 4195 ubi
651 4136 718 4196 med
735 4136 813 4196 huna
836 4132 977 4195 habere“.
1023 4136 1152 4196 Facilius
1175 4138 1384 4212 corrigeretur:

267 4259 382 4317 ²,neque
404 4239 464 4298 dici
484 4259 538 4297 neo
560 4239 632 4313 fingi
655 4245 755 4315 potest
777 4239 879 4314 Peior;
904 4258 979 4316 quse
1001 4238 1051 4298 ubi
1071 4237 1136 4296 med
1155 4237 1233 4295 hune
1251 4237 1385 4295 habere&

264 4341 321 4400 Sed
340 4343 443 4416 negari
460 4361 519 4400 non
536 4347 644 4420 potest,
668 4341 817 4401 interdum
838 4341 856 4400 d
875 4343 1085 4419 parsgogicum
1103 4341 1214 4398 iniuria
1231 4361 1249 4398 a
1268 4339 1386 4398 librario
