2916 5006
287 541 350 600 448
767 537 929 594 Bacchides.

287 723 454 802 disectae,
478 731 497 788 i.
519 749 542 788 e.
563 729 639 788 Cure
661 735 695 788 ut
717 731 816 790 socies.
873 733 989 792 Mulier.
1013 735 1136 797 Nachtr.
1159 759 1188 816 p.
1211 743 1267 800 55:
1294 744 1407 816 „tece‘'‚

286 839 320 888 ut
342 834 545 909 septenarium
568 833 666 892 faciet.
689 863 731 873 -
762 837 841 894 1153
871 840 1058 913 septenarius
1087 845 1147 913 est,
1184 843 1279 916 1154,
1313 851 1350 903 nt
1377 849 1407 904 in

286 933 360 1008 cod,
389 937 521 994 senarius
544 935 734 1012 hypercetel,
764 937 817 995 sed
840 941 999 1000 verisimile
1023 948 1069 1000 est
1086 947 1286 1020 septenarium
1305 947 1405 1020 fnisse,

285 1045 319 1098 ut
336 1039 480 1098 exciderit
498 1038 620 1114 aliquid.
655 1039 754 1099 Herm.
776 1045 806 1098 et
822 1042 857 1100 R.
873 1045 932 1116 „mi
943 1041 1063 1104 homo“.
1096 1045 1187 1107 Weis.
1204 1048 1407 1120 ,Quidtnme

284 1129 372 1200 uis?“
398 1141 442 1200 Fl.
460 1141 554 1215 „Quid
565 1163 612 1200 me
623 1163 700 1201 nunc
712 1140 798 1200 uis?“
814 1173 851 1184 -
869 1147 948 1204 1155
961 1167 1005 1224 sq.
1024 1151 1194 1225 septenarii.
1205 1181 1245 1191 -
1255 1147 1327 1225 sed;
1342 1175 1405 1212 sen-

284 1247 379 1304 tentie
391 1248 474 1322 quusi
489 1266 546 1304 non
560 1247 730 1323 interrupte
742 1249 948 1321 continuatur,
973 1249 1008 1308 cf.
1023 1253 1084 1310 712
1097 1257 1129 1309 et
1139 1252 1176 1310 ud
1188 1255 1296 1332 Amph.
1312 1259 1403 1315 1136.

285 1379 326 1389 -
346 1349 436 1409 1156,
464 1350 540 1422 „seio
562 1351 620 1407 ium
644 1346 779 1426 pridem“
799 1351 893 1408 voluit
910 1351 1027 1410 Mdller.
1049 1373 1115 1412 cum
1134 1355 1221 1414 Both.
1241 1356 1342 1418 Herm.
1362 1390 1403 1398 —

284 1449 449 1528 quinctili
471 1447 511 1526 ἐ,
535 1447 571 1509 id
586 1467 732 1526 memora,
757 1473 810 1511 em.
829 1453 863 1513 E.
881 1453 995 1513 Becker
1022 1457 1053 1514 in
1075 1456 1209 1517 Studem.
1222 1458 1349 1532 Studl,
1374 1484 1402 1539 p.

287 1559 346 1616 148
370 1577 429 1633 sq.;
464 1557 553 1629 vulgo
581 1555 650 1612 inde
679 1575 696 1614 e
723 1555 847 1615 Guieto:
884 1559 954 1634 „qui
982 1559 1068 1618 nihili
1094 1562 1148 1634 sis,
1178 1563 1338 1622 memoru“.
1362 1593 1404 1604 -

287 1661 366 1718 1157
389 1681 433 1736 eq.
468 1660 674 1736 quaternarius
703 1679 768 1717 cum
797 1663 976 1738 septenario,
999 1663 1043 1720 uit
1065 1661 1197 1722 Studem.
1221 1663 1306 1724 Ceut.
1323 1687 1354 1744 p.
1375 1672 1400 1725 5.

282 1763 395 1822 Ritech.
419 1769 449 1821 et
470 1761 516 1820 Fi.
540 1761 650 1820 additis
672 1762 806 1838 pluribus
836 1767 1020 1840 septenarios
1044 1765 1168 1826 iaciunt.
1224 1765 1400 1828 Philoxenus

282 1876 401 1944 coptum
431 1888 462 1924 se
493 1885 555 1924 esse
578 1885 596 1922 u
617 1867 771 1924 meretrice
793 1865 915 1925 fatetur.
965 1863 1053 1928 scisco
1081 1869 1117 1926 cf.
1141 1871 1192 1928 4e.
1238 1871 1295 1930 Cor
1316 1893 1398 1930 sunm
1447 1935 1448 1938 Ἴ

282 1973 390 2030 amoris
413 1969 533 2028 stimulo
555 1970 647 2046 pungi
670 1967 750 2027 dicit.
801 1969 887 2028 Alter
909 1971 1076 2046 respondet,
1100 1974 1202 2049 potius
1225 1976 1317 2032 lutere
1339 1979 1398 2033 eius

281 2075 400 2132 stimulo
429 2072 492 2131 fodi
522 2071 630 2130 debere
657 2077 692 2130 nt
720 2075 803 2130 esino
833 2077 885 2130 out
907 2073 973 2131 bosi
997 2076 1115 2148 segnius
1137 2078 1230 2135 eunti.
1253 2107 1296 2116 -
1320 2079 1395 2137 1159

280 2178 406 2236 -1164
419 2176 590 2254 septenarii.
624 2170 688 2234 iam
705 2189 759 2251 eqo
775 2169 843 2250 epse
860 2175 962 2247 codd.;
985 2175 1122 2236 Mulier:
1149 2178 1282 2256 „ipsns“,
1302 2181 1336 2240 R.
1353 2182 1394 2240 11.

281 2285 384 2340 etiem:
412 2300 485 2357 „ego
508 2281 566 2337 ium
588 2275 701 2355 ipsus“.
723 2307 767 2317 -
791 2279 881 2336 1160.
906 2272 1022 2336 malost
1041 2299 1096 2356 pro
1119 2279 1236 2340 dnobus
1259 2283 1393 2342 brevibus

279 2385 447 2459 legendum,
470 2387 505 2440 ut
526 2381 811 2459 proceleusmaticus
833 2383 976 2457 enepaesti
998 2381 1094 2440 locum
1116 2387 1226 2444 tenent.
1248 2415 1282 2424 -
1309 2389 1391 2444 1161.

279 2488 409 2546 Lnditur
431 2507 467 2544 ex
489 2485 644 2559 ambiguo,
679 2485 748 2562 quie
769 2477 853 2544 muta
874 2489 936 2542 tem
959 2483 1118 2543 deformem
1136 2505 1226 2562 quum
1244 2488 1391 2566 inprobam
1447 2503 1448 2506 ’

279 2587 434 2667 significet.
463 2619 506 2628 -
533 2589 591 2644 Ναὶ
611 2590 666 2666 γάρ
689 2587 850 2647 Hermann.
872 2587 964 2646 Weis.
988 2590 1154 2664 ceterique,
1182 2591 1298 2667 priores
1320 2593 1389 2650 mele

283 2691 424 2768 „neces“;
448 2693 478 2751 in
497 2690 582 2751 codd.
601 2690 704 2751 Graecu
726 2693 826 2750 omnis
847 2692 964 2750 Latinis
986 2691 1096 2751 litteris
1118 2691 1297 2753 scribuntur.
1330 2693 1389 2753 Non

277 2819 345 2860 raro
359 2803 458 2856 eutem
473 2795 596 2854 Plautus
609 2795 725 2854 Groeces
737 2815 825 2854 voces
843 2795 933 2870 vulgo
950 2799 1044 2868 notes,
1064 2797 1190 2854 maxime
1208 2797 1387 2856 asseres-endi

277 2903 428 2972 formulas,
453 2899 566 2957 Letinae
590 2899 717 2956 orationi
740 2899 932 2971 intermiscet,
955 2898 990 2956 cs.
1010 2896 1096 2975 Cupt.
1116 2901 1176 2960 874
1201 2921 1266 2976 sqq.
1300 2901 1386 2960 Cusin.

278 3008 339 3066 688
363 3025 407 3081 sq.
442 3003 529 3060 Most.
555 3003 626 3060 957.
662 2999 767 3059 Pseud.
793 3003 864 3060 443.
889 3003 1012 3078 483sq.
1047 3001 1128 3060 Pers.
1151 3003 1221 3062 160.
1242 3033 1281 3043 -
1306 3005 1384 3062 1162.

270 3105 390 3186 putide,
415 3107 450 3166 ci.
465 3105 534 3164 Hor.
548 3105 645 3181 Epod.
665 3105 692 3176 8,
718 3105 749 3160 l:
778 3103 913 3181 ,Rogare
935 3104 1181 3181 longoputidum
1205 3113 1236 3163 te
1259 3101 1383 3165 seculo‘fi

274 3213 422 3271 -1163.
448 3205 524 3284 quid
545 3223 624 3284 opus
646 3201 766 3266 uerbist
786 3205 819 3278 B,
843 3208 862 3266 i.
876 3227 911 3279 e.,
930 3213 963 3265 nt
982 3206 1013 3280 G,
1037 3207 1136 3266 uerbis
1158 3213 1214 3267 est.
1250 3209 1334 3269 Both.
1345 3208 1382 3265 11.

278 3316 367 3393 „quid
391 3319 480 3391 opust
501 3309 640 3370 uerbis?“

363 3419 452 3475 1165.
481 3415 635 3474 Accedunt
657 3415 834 3471 meretrices.
884 3411 984 3471 Herm.
1009 3413 1044 3472 R.
1068 3413 1113 3471 1⁴²1.
1142 3414 1178 3472 ub
1210 3415 1296 3474 initio
1317 3414 1381 3470 exci-

275 3521 352 3579 disse
375 3519 489 3595 eliquid
511 3518 571 3575 reti
593 3517 669 3575 tales
692 3523 755 3575 tres
776 3515 890 3574 fuciunt
912 3517 1110 3594 septenarios:

274 3623 336 3681 BA.
365 3619 454 3696 [Quid
477 3621 625 3692 tamdiu,
649 3641 750 3692 soror,
780 3620 827 3678 hic
849 3615 1034 3692 adstamusi]
1079 3617 1210 3695 Sequere
1232 3620 1296 3678 huc.
1337 3617 1378 3674 NI.

986 3719 1067 3780 Eunt
1089 3741 1172 3780 eccas
1195 3723 1313 3781 tandem

273 3828 567 3906 Probriperlecebrue
597 3833 627 3884 et
660 3827 885 3903 persuestrices.
930 3825 1006 3896 Quid
1034 3823 1141 3884 nunc?
1179 3827 1238 3886 iem
1266 3823 1377 3884 redditis

985 3929 1070 3988 nobis

272 4035 365 4096 Filios
388 4041 417 4092 et
439 4031 578 4092 seruom?
610 4053 646 4091 en
670 4055 724 4112 ego
747 4035 883 4111 experior
905 4039 1000 4092 tecum
1031 4035 1090 4091 uim
1119 4031 1281 4091 maiorem?
1322 4027 1374 4088 BH.

459 4205 465 4218 ‚
985 4135 1065 4194 Abin
1086 4131 1174 4193 hinc?

273 4243 334 4300 Nos
358 4243 394 4298 eb
426 4242 509 4299 initio
540 4239 615 4298 nihil
645 4239 854 4298 desideremus.
907 4239 1024 4296 Primus
1051 4259 1152 4298 versus
1182 4246 1227 4296 est
1253 4243 1372 4313 septenu-

272 4347 333 4402 rius
357 4363 452 4419 uiinp,
476 4363 542 4400 nem
568 4339 693 4401 tetidem
714 4345 909 4420 posteriorem
932 4361 990 4400 non
1013 4341 1162 4419 producit.
1203 4341 1267 4398 Duo
1286 4343 1371 4416 poste·

272 4447 365 4502 riores
388 4449 412 4503 ei
436 4448 556 4503 iunctim
580 4446 728 4520 leguntur,
757 4465 847 4503 unum
871 4445 1005 4503 efficiunt
1026 4453 1153 4522 systema
1176 4443 1369 4522 euepaesticnm
