2960 5012
293 527 334 590 'lo
808 520 901 575 Plauti
1245 518 1299 586 Li,
1310 521 1392 574 31-31

726 708 983 776 Pistoclerus

292 819 366 886 Non
389 821 494 888 omnis
517 825 620 900 aetas,
642 817 741 905 Lyde,
762 818 841 884 ludo
865 819 1029 884 conuenit.

293 928 397 1012 Magis
420 949 522 992 uuum
543 929 578 993 in
599 933 740 993 mentest
762 926 842 992 mihi
863 947 958 1008 nuuc,
981 927 1061 992 satis
1083 932 1120 991 ut
1145 923 1312 991 commode

291 1035 356 1102 Pro
378 1036 541 1119 dignitate
565 1037 681 1120 opsoni
702 1033 785 1102 haec
808 1041 964 1102 concuret
986 1055 1119 1120 coquos.

792 1143 921 1228 Lydus

291 1253 362 1318 Iam
384 1253 560 1337 perdidisti
581 1259 615 1319 te
639 1259 740 1338 atque
761 1274 813 1318 me
836 1258 935 1336 atque
958 1272 1092 1336 operam
1113 1271 1231 1330 meam,
1358 1261 1396 1319 ito

294 1359 357 1437 Qui
379 1359 441 1425 tibi
462 1363 662 1447 nequiquam
684 1382 782 1446 saepe
804 1343 996 1427 monstruni¹
1009 1359 1114 1426 bene?

727 1467 984 1534 Pistoclerus

293 1575 419 1641 Ibidem
441 1597 500 1660 ego
523 1598 629 1643 meam
652 1599 783 1662 operam
806 1576 944 1662 perdidi,
969 1575 1026 1642 ubi
1048 1583 1086 1642 tu
1108 1581 1214 1654 tuam3

296 1684 368 1750 Tua
390 1685 563 1770 disciplina
584 1705 643 1750 nec
665 1685 745 1750 mihi
767 1685 904 1769 prodest
926 1705 987 1751 nee
1008 1684 1080 1750 tibi.

786 1793 919 1878 Lydus

294 1899 322 1967 Ο
344 1900 564 1985 praeligatum
585 1907 712 1986 peetus.

728 2009 986 2075 Pistoclerus

756 2115 896 2184 Odiosus
918 2118 997 2184 mihi
1020 2137 1065 2184 es.

294 2225 379 2291 Tace
403 2232 502 2310 atque
526 2247 671 2311 sequere,
695 2227 794 2311 Lyde,
818 2247 879 2292 me.

788 2335 922 2420 Lydus

919 2443 1002 2510 Illue
1024 2444 1069 2509 sis
1091 2441 1184 2509 uide:

295 2549 370 2615 Non
391 2551 619 2635 paedagogum
641 2551 707 2616 iam
729 2572 791 2630 me,
816 2551 875 2616 sed
898 2551 1025 2636 Lydum
1047 2559 1156 2617 uocat.

730 2659 987 2727 Pistoclerus

294 2766 368 2832 Nou
391 2789 452 2851 par
473 2767 604 2833 uidetur
625 2789 731 2852 neque
755 2770 798 2834 sit
821 2777 1085 2850 consentaneum,

296 2875 400 2954 Quom
423 2897 499 2942 erus
522 2878 556 2942 in
579 2884 742 2943 conuentu
766 2878 810 2942 sit
832 2885 865 2942 et
888 2899 961 2943 eum
985 2877 1090 2943 amica
1112 2874 1254 2941 adcubat

298 2983 468 3068 Quomque
493 2985 658 3051 osculetur
680 2991 714 3050 et
736 2987 895 3050 conuiuae
918 2987 975 3053 alii
997 2984 1171 3062 adeubeut

294 3091 455 3159 Praesens
477 3093 524 3160 ibi
545 3093 632 3160 ullus
654 3093 862 3178 paedagogus
885 3101 922 3161 ut
944 3096 1015 3160 siet.

788 3203 921 3288 Lydus

297 3309 348 3376 Au
371 3310 434 3376 hoe
455 3310 499 3376 ad
521 3332 577 3377 eas
599 3332 653 3376 res
676 3319 913 3394 opsonatumst
937 3309 1094 3377 obsecro?

731 3419 988 3485 Pistoclerus

298 3524 418 3610 Sperat
440 3526 571 3609 quidem
594 3528 737 3607 animus;
760 3547 824 3608 quo
848 3529 987 3608 eueniat,
1010 3527 1116 3592 disin
1139 3533 1278 3590 manust.

791 3634 924 3718 Lydus

296 3743 346 3808 Tu
369 3744 509 3808 amicam
530 3742 691 3808 habebis?

729 3850 981 3917 Pistoclerus

745 3958 848 4036 Quom
872 3959 1010 4039 uidebis,
1031 3963 1102 4023 tum
1126 3957 1220 4022 scies¹

250 4213 251 4216 Ἰ
366 4241 415 4293 133
433 4255 486 4308 ego
504 4235 601 4294 onai)
678 4238 724 4291 133
742 4254 834 4306 neque
851 4237 904 4291 tibi
981 4239 1029 4292 138
1047 4235 1136 4305 Quom
1154 4237 1224 4291 haee
1243 4236 1314 4288 intus
1328 4220 1401 4284 sitii,

296 4335 359 4379 dum
376 4325 446 4380 haee
464 4325 540 4379 intus
558 4323 634 4377 intus
654 4322 732 4377 sito
809 4325 955 4378 accumbet
972 4325 999 4380 Β
1090 4327 1140 4378 140
1157 4319 1338 4377 Praesentibus
1353 4308 1403 4366 illi!

294 4411 475 4479 paedagogus
492 4427 548 4464 une
566 4414 599 4463 ut
