<?xml version="1.0" encoding="UTF-8"?>
<!DOCTYPE html PUBLIC "-//W3C//DTD XHTML 1.0 Transitional//EN"
    "http://www.w3.org/TR/xhtml1/DTD/xhtml1-transitional.dtd">
<html xmlns="http://www.w3.org/1999/xhtml" xml:lang="en" lang="en">
 <head>
  <title>
</title>
<meta http-equiv="Content-Type" content="text/html;charset=utf-8" />
  <meta name='ocr-system' content='tesseract 3.04.00' />
  <meta name='ocr-capabilities' content='ocr_page ocr_carea ocr_par ocr_line ocrx_word'/>
</head>
<body>
  <div class='ocr_page' id='page_1' title='image "./tmacciiplautico00ussigoog_0192.png"; bbox 0 0 2928 5010; ppageno 0'>
   <div class='ocr_carea' id='block_1_1' title="bbox 82 513 1189 585">
    <p class='ocr_par' dir='ltr' id='par_1_1' title="bbox 82 513 1189 585">
     <span class='ocr_line' id='line_1_1' title="bbox 82 513 1189 585; baseline 0.01 -15"><span class='ocrx_word' id='word_1_1' title='bbox 82 513 114 582; x_wconf 81' lang='lat'><strong>11,</strong></span> <span class='ocrx_word' id='word_1_2' title='bbox 122 518 143 582; x_wconf 78' lang='lat'><strong>³,</strong></span> <span class='ocrx_word' id='word_1_3' title='bbox 151 517 182 570; x_wconf 77' lang='lat'><strong>91</strong></span> <span class='ocrx_word' id='word_1_4' title='bbox 192 543 224 554; x_wconf 94' lang='lat'>-</span> <span class='ocrx_word' id='word_1_5' title='bbox 232 515 284 584; x_wconf 82' lang='lat'>111,</span> <span class='ocrx_word' id='word_1_6' title='bbox 297 519 321 585; x_wconf 87' lang='lat'><strong>1,</strong></span> <span class='ocrx_word' id='word_1_7' title='bbox 332 517 348 562; x_wconf 78' lang='lat'><strong>&#39;7</strong></span> <span class='ocrx_word' id='word_1_8' title='bbox 569 513 687 584; x_wconf 77' lang='lat' dir='ltr'><strong>captiui.</strong></span> <span class='ocrx_word' id='word_1_9' title='bbox 1133 521 1189 581; x_wconf 83' lang='lat'><strong>171</strong></span> 
     </span>
    </p>
   </div>
   <div class='ocr_carea' id='block_1_2' title="bbox 81 703 1193 896">
    <p class='ocr_par' dir='ltr' id='par_1_2' title="bbox 81 703 1193 896">
     <span class='ocr_line' id='line_1_2' title="bbox 563 703 687 770; baseline 0 0"><span class='ocrx_word' id='word_1_10' title='bbox 563 703 618 770; x_wconf 90' lang='lat' dir='ltr'><strong>He</strong></span> <span class='ocrx_word' id='word_1_11' title='bbox 650 707 687 770; x_wconf 93' lang='lat' dir='ltr'><strong>io</strong></span> 
     </span>
     <span class='ocr_line' id='line_1_3' title="bbox 81 727 1193 896; baseline -0.001 -18"><span class='ocrx_word' id='word_1_12' title='bbox 81 813 169 892; x_wconf 80' lang='lat' dir='ltr'><strong>Quem</strong></span> <span class='ocrx_word' id='word_1_13' title='bbox 189 813 241 879; x_wconf 93' lang='lat' dir='ltr'><strong>hio</strong></span> <span class='ocrx_word' id='word_1_14' title='bbox 262 813 349 878; x_wconf 81' lang='lat' dir='ltr'><strong>ferat</strong></span> <span class='ocrx_word' id='word_1_15' title='bbox 370 833 482 879; x_wconf 88' lang='lat' dir='ltr'><strong>secum</strong></span> <span class='ocrx_word' id='word_1_16' title='bbox 504 812 547 878; x_wconf 85' lang='lat' dir='ltr'><strong>ad</strong></span> <span class='ocrx_word' id='word_1_17' title='bbox 568 727 742 896; x_wconf 68' lang='lat' dir='ltr'><strong>legigonem</strong></span> <span class='ocrx_word' id='word_1_18' title='bbox 765 813 841 878; x_wconf 89' lang='lat' dir='ltr'><strong>hino</strong></span> <span class='ocrx_word' id='word_1_19' title='bbox 864 814 910 878; x_wconf 91' lang='lat' dir='ltr'><strong>ire</strong></span> <span class='ocrx_word' id='word_1_20' title='bbox 933 813 1011 878; x_wconf 88' lang='lat' dir='ltr'><strong>huic</strong></span> <span class='ocrx_word' id='word_1_21' title='bbox 1035 819 1072 878; x_wconf 90' lang='lat' dir='ltr'><strong>ut</strong></span> <span class='ocrx_word' id='word_1_22' title='bbox 1095 813 1193 878; x_wconf 87' lang='lat' dir='ltr'><strong>liceat</strong></span> 
     </span>
    </p>
   </div>
   <div class='ocr_carea' id='block_1_3' title="bbox 783 921 1295 991">
    <p class='ocr_par' dir='ltr' id='par_1_3' title="bbox 783 921 1295 991">
     <span class='ocr_line' id='line_1_4' title="bbox 783 921 1295 991; baseline -0.008 -5"><span class='ocrx_word' id='word_1_23' title='bbox 783 921 923 987; x_wconf 89' lang='lat' dir='ltr'><strong>domum.</strong></span> <span class='ocrx_word' id='word_1_24' title='bbox 1141 939 1192 991; x_wconf 69' lang='lat' dir='ltr'><strong>tuo</strong></span> <span class='ocrx_word' id='word_1_25' title='bbox 1289 969 1295 982; x_wconf 89' lang='lat'><strong>.</strong></span> 
     </span>
    </p>
   </div>
   <div class='ocr_carea' id='block_1_4' title="bbox 79 1029 733 1313">
    <p class='ocr_par' dir='ltr' id='par_1_4' title="bbox 79 1029 733 1313">
     <span class='ocr_line' id='line_1_5' title="bbox 79 1029 312 1096; baseline 0.009 -4"><span class='ocrx_word' id='word_1_26' title='bbox 79 1029 119 1094; x_wconf 87' lang='lat' dir='ltr'><strong>Tu</strong></span> <span class='ocrx_word' id='word_1_27' title='bbox 139 1030 223 1096; x_wconf 84' lang='lat' dir='ltr'><strong>intro</strong></span> <span class='ocrx_word' id='word_1_28' title='bbox 246 1030 312 1095; x_wconf 85' lang='lat' dir='ltr'><strong>abi.</strong></span> 
     </span>
     <span class='ocr_line' id='line_1_6' title="bbox 522 1137 733 1223; baseline 0.005 -21"><span class='ocrx_word' id='word_1_29' title='bbox 522 1137 733 1223; x_wconf 77' lang='lat' dir='ltr'><strong>Tyndarus</strong></span> 
     </span>
     <span class='ocr_line' id='line_1_7' title="bbox 324 1245 613 1313; baseline 0 -1"><span class='ocrx_word' id='word_1_30' title='bbox 324 1247 413 1312; x_wconf 91' lang='lat' dir='ltr'><strong>Bene</strong></span> <span class='ocrx_word' id='word_1_31' title='bbox 436 1245 613 1313; x_wconf 86' lang='lat' dir='ltr'><strong>ambulate.</strong></span> 
     </span>
    </p>
   </div>
   <div class='ocr_carea' id='block_1_5' title="bbox 496 1379 801 1563">
    <p class='ocr_par' dir='ltr' id='par_1_5' title="bbox 496 1379 801 1563">
     <span class='ocr_line' id='line_1_8' title="bbox 496 1379 759 1454; baseline 0.008 -2"><span class='ocrx_word' id='word_1_32' title='bbox 496 1379 759 1454; x_wconf 77' lang='lat' dir='ltr'><strong>Philocrates</strong></span> 
     </span>
     <span class='ocr_line' id='line_1_9' title="bbox 608 1497 801 1563; baseline -0.01 -1"><span class='ocrx_word' id='word_1_33' title='bbox 608 1497 696 1562; x_wconf 83' lang='lat' dir='ltr'>Bene</span> <span class='ocrx_word' id='word_1_34' title='bbox 719 1499 801 1563; x_wconf 86' lang='lat' dir='ltr'><strong>nale.</strong></span> 
     </span>
    </p>
   </div>
   <div class='ocr_carea' id='block_1_6' title="bbox 70 1640 1191 2702">
    <p class='ocr_par' dir='ltr' id='par_1_6' title="bbox 564 1640 689 1723">
     <span class='ocr_line' id='line_1_10' title="bbox 564 1640 689 1723; baseline -0.016 -17"><span class='ocrx_word' id='word_1_35' title='bbox 564 1640 689 1723; x_wconf 83' lang='lat' dir='ltr'>Hegio</span> 
     </span>
    </p>

    <p class='ocr_par' dir='ltr' id='par_1_7' title="bbox 70 1749 1191 2702">
     <span class='ocr_line' id='line_1_11' title="bbox 843 1749 1191 1834; baseline 0.006 -20"><span class='ocrx_word' id='word_1_36' title='bbox 843 1749 970 1834; x_wconf 88' lang='lat' dir='ltr'>Edepol</span> <span class='ocrx_word' id='word_1_37' title='bbox 992 1770 1062 1814; x_wconf 90' lang='lat' dir='ltr'><strong>rem</strong></span> <span class='ocrx_word' id='word_1_38' title='bbox 1084 1771 1191 1816; x_wconf 86' lang='lat' dir='ltr'><strong>meam</strong></span> 
     </span>
     <span class='ocr_line' id='line_1_12' title="bbox 73 1851 1113 1944; baseline 0 -25"><span class='ocrx_word' id='word_1_39' title='bbox 73 1851 289 1936; x_wconf 68' lang='lat' dir='ltr'><strong>constabiliui</strong></span> <span class='ocrx_word' id='word_1_40' title='bbox 312 1877 413 1940; x_wconf 90' lang='lat' dir='ltr'><strong>quom</strong></span> <span class='ocrx_word' id='word_1_41' title='bbox 434 1856 508 1923; x_wconf 91' lang='lat' dir='ltr'><strong>illos</strong></span> <span class='ocrx_word' id='word_1_42' title='bbox 532 1858 595 1922; x_wconf 88' lang='lat' dir='ltr'><strong>emi</strong></span> <span class='ocrx_word' id='word_1_43' title='bbox 618 1856 658 1922; x_wconf 91' lang='lat' dir='ltr'><strong>de</strong></span> <span class='ocrx_word' id='word_1_44' title='bbox 681 1857 805 1940; x_wconf 81' lang='lat' dir='ltr'><strong>proedo</strong></span> <span class='ocrx_word' id='word_1_45' title='bbox 827 1878 847 1922; x_wconf 90' lang='lat' dir='ltr'><strong>a</strong></span> <span class='ocrx_word' id='word_1_46' title='bbox 870 1856 1113 1944; x_wconf 79' lang='lat' dir='ltr'><strong>quaestoribus,</strong></span> 
     </span>
     <span class='ocr_line' id='line_1_13' title="bbox 73 1961 873 2049; baseline 0.004 -23"><span class='ocrx_word' id='word_1_47' title='bbox 73 1961 225 2048; x_wconf 84' lang='lat' dir='ltr'><strong>Expediui</strong></span> <span class='ocrx_word' id='word_1_48' title='bbox 248 1986 288 2030; x_wconf 88' lang='lat' dir='ltr'><strong>ex</strong></span> <span class='ocrx_word' id='word_1_49' title='bbox 309 1967 470 2032; x_wconf 83' lang='lat' dir='ltr'><strong>seruitute</strong></span> <span class='ocrx_word' id='word_1_50' title='bbox 493 1965 607 2045; x_wconf 88' lang='lat' dir='ltr'><strong>filium,</strong></span> <span class='ocrx_word' id='word_1_51' title='bbox 631 1967 659 2032; x_wconf 93' lang='lat' dir='ltr'><strong>si</strong></span> <span class='ocrx_word' id='word_1_52' title='bbox 681 1965 732 2030; x_wconf 89' lang='lat' dir='ltr'><strong>dis</strong></span> <span class='ocrx_word' id='word_1_53' title='bbox 755 1965 873 2049; x_wconf 86' lang='lat' dir='ltr'><strong>placet.</strong></span> 
     </span>
     <span class='ocr_line' id='line_1_14' title="bbox 72 2069 1188 2154; baseline 0.005 -20"><span class='ocrx_word' id='word_1_54' title='bbox 72 2069 496 2154; x_wconf 81' lang='lat' dir='ltr'><strong>Atetiamdubitaui,hosce</strong></span> <span class='ocrx_word' id='word_1_55' title='bbox 506 2073 1101 2154; x_wconf 77' lang='lat' dir='ltr'><strong>hominesomeremannonemerem</strong></span> <span class='ocrx_word' id='word_1_56' title='bbox 1123 2076 1188 2141; x_wconf 91' lang='lat' dir='ltr'><strong>diu.</strong></span> 
     </span>
     <span class='ocr_line' id='line_1_15' title="bbox 73 2175 1190 2266; baseline 0.012 -24"><span class='ocrx_word' id='word_1_57' title='bbox 73 2175 202 2246; x_wconf 84' lang='lat' dir='ltr'><strong>Seruate</strong></span> <span class='ocrx_word' id='word_1_58' title='bbox 225 2183 326 2247; x_wconf 85' lang='lat' dir='ltr'><strong>istum</strong></span> <span class='ocrx_word' id='word_1_59' title='bbox 349 2181 442 2250; x_wconf 85' lang='lat' dir='ltr'><strong>sultis</strong></span> <span class='ocrx_word' id='word_1_60' title='bbox 464 2183 560 2264; x_wconf 88' lang='lat' dir='ltr'><strong>intus,</strong></span> <span class='ocrx_word' id='word_1_61' title='bbox 582 2183 678 2259; x_wconf 85' lang='lat' dir='ltr'><strong>serui,</strong></span> <span class='ocrx_word' id='word_1_62' title='bbox 701 2203 742 2246; x_wconf 91' lang='lat' dir='ltr'><strong>ne</strong></span> <span class='ocrx_word' id='word_1_63' title='bbox 766 2202 933 2266; x_wconf 85' lang='lat' dir='ltr'><strong>quoquam</strong></span> <span class='ocrx_word' id='word_1_64' title='bbox 955 2181 1072 2266; x_wconf 93' lang='lat' dir='ltr'><strong>pedem</strong></span> <span class='ocrx_word' id='word_1_65' title='bbox 1138 2201 1190 2254; x_wconf 75' lang='lat'><strong>455</strong></span> 
     </span>
     <span class='ocr_line' id='line_1_16' title="bbox 71 2285 1001 2376; baseline 0.004 -26"><span class='ocrx_word' id='word_1_66' title='bbox 71 2285 194 2355; x_wconf 85' lang='lat' dir='ltr'><strong>cherst</strong></span> <span class='ocrx_word' id='word_1_67' title='bbox 217 2291 287 2356; x_wconf 90' lang='lat' dir='ltr'><strong>sine</strong></span> <span class='ocrx_word' id='word_1_68' title='bbox 311 2291 490 2358; x_wconf 78' lang='lat' dir='ltr'><strong>custodela.</strong></span> <span class='ocrx_word' id='word_1_69' title='bbox 536 2291 606 2358; x_wconf 84' lang='lat' dir='ltr'><strong>Iam</strong></span> <span class='ocrx_word' id='word_1_70' title='bbox 628 2312 688 2376; x_wconf 83' lang='lat' dir='ltr'><strong>ego</strong></span> <span class='ocrx_word' id='word_1_71' title='bbox 712 2289 879 2376; x_wconf 81' lang='lat' dir='ltr'><strong>apparebo</strong></span> <span class='ocrx_word' id='word_1_72' title='bbox 903 2290 1001 2356; x_wconf 91' lang='lat' dir='ltr'><strong>domi.</strong></span> 
     </span>
     <span class='ocr_line' id='line_1_17' title="bbox 70 2395 997 2484; baseline 0.005 -25"><span class='ocrx_word' id='word_1_73' title='bbox 70 2395 116 2460; x_wconf 79' lang='lat' dir='ltr'><strong>Ad</strong></span> <span class='ocrx_word' id='word_1_74' title='bbox 136 2396 270 2464; x_wconf 81' lang='lat' dir='ltr'><strong>fratrem</strong></span> <span class='ocrx_word' id='word_1_75' title='bbox 292 2399 364 2480; x_wconf 91' lang='lat' dir='ltr'><strong>ibo;</strong></span> <span class='ocrx_word' id='word_1_76' title='bbox 388 2399 466 2466; x_wconf 91' lang='lat' dir='ltr'><strong>dum</strong></span> <span class='ocrx_word' id='word_1_77' title='bbox 488 2401 639 2484; x_wconf 82' lang='lat' dir='ltr'><strong>captiuos</strong></span> <span class='ocrx_word' id='word_1_78' title='bbox 663 2401 746 2465; x_wconf 84' lang='lat' dir='ltr'><strong>alios</strong></span> <span class='ocrx_word' id='word_1_79' title='bbox 768 2401 874 2464; x_wconf 86' lang='lat' dir='ltr'><strong>inciso</strong></span> <span class='ocrx_word' id='word_1_80' title='bbox 897 2419 997 2475; x_wconf 91' lang='lat' dir='ltr'><strong>meos,</strong></span> 
     </span>
     <span class='ocr_line' id='line_1_18' title="bbox 70 2501 1091 2592; baseline 0.004 -24"><span class='ocrx_word' id='word_1_81' title='bbox 70 2501 187 2572; x_wconf 83' lang='lat' dir='ltr'><strong>Eadem</strong></span> <span class='ocrx_word' id='word_1_82' title='bbox 208 2507 438 2592; x_wconf 86' lang='lat' dir='ltr'><strong>percontabor,</strong></span> <span class='ocrx_word' id='word_1_83' title='bbox 462 2508 556 2590; x_wconf 86' lang='lat' dir='ltr'><strong>ecqui</strong></span> <span class='ocrx_word' id='word_1_84' title='bbox 578 2507 664 2574; x_wconf 93' lang='lat' dir='ltr'><strong>huno</strong></span> <span class='ocrx_word' id='word_1_85' title='bbox 687 2507 931 2574; x_wconf 83' lang='lat' dir='ltr'><strong>adulescentem</strong></span> <span class='ocrx_word' id='word_1_86' title='bbox 952 2509 1091 2574; x_wconf 87' lang='lat' dir='ltr'><strong>nouerit.</strong></span> 
     </span>
     <span class='ocr_line' id='line_1_19' title="bbox 72 2609 1189 2702; baseline 0.004 -26"><span class='ocrx_word' id='word_1_87' title='bbox 72 2609 206 2696; x_wconf 85' lang='lat' dir='ltr'><strong>Sequere</strong></span> <span class='ocrx_word' id='word_1_88' title='bbox 229 2623 277 2682; x_wconf 84' lang='lat' dir='ltr'><strong>tu.</strong></span> <span class='ocrx_word' id='word_1_89' title='bbox 310 2614 356 2680; x_wconf 92' lang='lat' dir='ltr'><strong>Te</strong></span> <span class='ocrx_word' id='word_1_90' title='bbox 378 2621 416 2682; x_wconf 88' lang='lat' dir='ltr'><strong>ut</strong></span> <span class='ocrx_word' id='word_1_91' title='bbox 438 2617 598 2694; x_wconf 85' lang='lat' dir='ltr'><strong>amittam,</strong></span> <span class='ocrx_word' id='word_1_92' title='bbox 623 2618 653 2682; x_wconf 89' lang='lat' dir='ltr'><strong>ei</strong></span> <span class='ocrx_word' id='word_1_93' title='bbox 675 2618 724 2682; x_wconf 91' lang='lat' dir='ltr'><strong>rei</strong></span> <span class='ocrx_word' id='word_1_94' title='bbox 746 2617 886 2702; x_wconf 89' lang='lat' dir='ltr'><strong>primum</strong></span> <span class='ocrx_word' id='word_1_95' title='bbox 909 2617 1080 2702; x_wconf 87' lang='lat' dir='ltr'><strong>praeuorti</strong></span> <span class='ocrx_word' id='word_1_96' title='bbox 1104 2617 1189 2684; x_wconf 88' lang='lat' dir='ltr'><strong>uolo.</strong></span> 
     </span>
    </p>
   </div>
   <div class='ocr_carea' id='block_1_7' title="bbox 527 2857 730 2866">
    <p class='ocr_par' dir='ltr' id='par_1_8' title="bbox 527 2857 730 2866">
     <span class='ocr_line' id='line_1_20' title="bbox 527 2857 730 2866; baseline 0 0"><span class='ocrx_word' id='word_1_97' title='bbox 527 2857 730 2866; x_wconf 56' lang='lat' dir='ltr'><strong>m</strong></span> 
     </span>
    </p>
   </div>
   <div class='ocr_carea' id='block_1_8' title="bbox 451 3029 799 3098">
    <p class='ocr_par' dir='ltr' id='par_1_9' title="bbox 451 3029 799 3098">
     <span class='ocr_line' id='line_1_21' title="bbox 451 3029 799 3098; baseline 0 -2"><span class='ocrx_word' id='word_1_98' title='bbox 451 3029 696 3098; x_wconf 83' lang='lat' dir='ltr'>PARASITUS.</span> <span class='ocrx_word' id='word_1_99' title='bbox 743 3034 799 3098; x_wconf 85' lang='lat' dir='ltr'><strong>DV</strong></span> 
     </span>
    </p>
   </div>
   <div class='ocr_carea' id='block_1_9' title="bbox 70 3185 1195 4141">
    <p class='ocr_par' dir='ltr' id='par_1_10' title="bbox 70 3185 1193 3376">
     <span class='ocr_line' id='line_1_22' title="bbox 70 3185 1191 3273; baseline 0 -21"><span class='ocrx_word' id='word_1_100' title='bbox 70 3185 166 3254; x_wconf 89' lang='lat' dir='ltr'><strong>Miser</strong></span> <span class='ocrx_word' id='word_1_101' title='bbox 186 3188 323 3268; x_wconf 80' lang='lat' dir='ltr'><strong>homost,</strong></span> <span class='ocrx_word' id='word_1_102' title='bbox 346 3189 403 3273; x_wconf 88' lang='lat' dir='ltr'><strong>qui</strong></span> <span class='ocrx_word' id='word_1_103' title='bbox 424 3189 495 3273; x_wconf 87' lang='lat' dir='ltr'><strong>ipse</strong></span> <span class='ocrx_word' id='word_1_104' title='bbox 520 3188 592 3266; x_wconf 84' lang='lat' dir='ltr'><strong>sibi,</strong></span> <span class='ocrx_word' id='word_1_105' title='bbox 616 3187 704 3269; x_wconf 89' lang='lat' dir='ltr'><strong>quod</strong></span> <span class='ocrx_word' id='word_1_106' title='bbox 726 3188 804 3266; x_wconf 82' lang='lat' dir='ltr'><strong>edit,</strong></span> <span class='ocrx_word' id='word_1_107' title='bbox 828 3188 958 3272; x_wconf 82' lang='lat' dir='ltr'><strong>quaerit</strong></span> <span class='ocrx_word' id='word_1_108' title='bbox 981 3194 1014 3251; x_wconf 87' lang='lat' dir='ltr'><strong>et</strong></span> <span class='ocrx_word' id='word_1_109' title='bbox 1036 3186 1070 3250; x_wconf 93' lang='lat' dir='ltr'><strong>id</strong></span> <span class='ocrx_word' id='word_1_110' title='bbox 1095 3206 1191 3270; x_wconf 79' lang='lat' dir='ltr'><strong>aegre</strong></span> 
     </span>
     <span class='ocr_line' id='line_1_23' title="bbox 670 3297 1193 3376; baseline 0.008 -15"><span class='ocrx_word' id='word_1_111' title='bbox 670 3319 673 3326; x_wconf 72' lang='grc'><em>’</em></span> <span class='ocrx_word' id='word_1_112' title='bbox 781 3297 923 3376; x_wconf 81' lang='lat' dir='ltr'><strong>inuenit3</strong></span> <span class='ocrx_word' id='word_1_113' title='bbox 1141 3311 1193 3365; x_wconf 82' lang='lat'><strong>460</strong></span> 
     </span>
    </p>

    <p class='ocr_par' dir='ltr' id='par_1_11' title="bbox 71 3401 1152 3489">
     <span class='ocr_line' id='line_1_24' title="bbox 71 3401 1152 3489; baseline -0.001 -20"><span class='ocrx_word' id='word_1_114' title='bbox 71 3401 131 3470; x_wconf 87' lang='lat' dir='ltr'><strong>Sed</strong></span> <span class='ocrx_word' id='word_1_115' title='bbox 153 3405 240 3472; x_wconf 83' lang='lat' dir='ltr'><strong>illest</strong></span> <span class='ocrx_word' id='word_1_116' title='bbox 263 3406 423 3484; x_wconf 88' lang='lat' dir='ltr'><strong>miserior,</strong></span> <span class='ocrx_word' id='word_1_117' title='bbox 447 3407 504 3489; x_wconf 92' lang='lat' dir='ltr'><strong>qui</strong></span> <span class='ocrx_word' id='word_1_118' title='bbox 526 3411 561 3471; x_wconf 88' lang='lat' dir='ltr'><strong>et</strong></span> <span class='ocrx_word' id='word_1_119' title='bbox 583 3427 682 3489; x_wconf 84' lang='lat' dir='ltr'><strong>aegre</strong></span> <span class='ocrx_word' id='word_1_120' title='bbox 705 3405 835 3489; x_wconf 81' lang='lat' dir='ltr'><strong>quaerit</strong></span> <span class='ocrx_word' id='word_1_121' title='bbox 858 3410 892 3470; x_wconf 87' lang='lat' dir='ltr'><strong>et</strong></span> <span class='ocrx_word' id='word_1_122' title='bbox 913 3403 994 3469; x_wconf 89' lang='lat' dir='ltr'><strong>nihil</strong></span> <span class='ocrx_word' id='word_1_123' title='bbox 1016 3405 1152 3469; x_wconf 87' lang='lat' dir='ltr'><strong>inuenit.</strong></span> 
     </span>
    </p>

    <p class='ocr_par' dir='ltr' id='par_1_12' title="bbox 71 3509 1193 3598">
     <span class='ocr_line' id='line_1_25' title="bbox 71 3509 1193 3598; baseline 0.001 -19"><span class='ocrx_word' id='word_1_124' title='bbox 71 3509 140 3593; x_wconf 88' lang='lat' dir='ltr'><strong>[Ille</strong></span> <span class='ocrx_word' id='word_1_125' title='bbox 162 3515 376 3580; x_wconf 89' lang='lat' dir='ltr'><strong>miserrumns</strong></span> <span class='ocrx_word' id='word_1_126' title='bbox 400 3521 460 3594; x_wconf 83' lang='lat' dir='ltr'><strong>est,</strong></span> <span class='ocrx_word' id='word_1_127' title='bbox 483 3515 549 3596; x_wconf 91' lang='lat' dir='ltr'><strong>qui,</strong></span> <span class='ocrx_word' id='word_1_128' title='bbox 572 3535 670 3598; x_wconf 91' lang='lat' dir='ltr'><strong>quom</strong></span> <span class='ocrx_word' id='word_1_129' title='bbox 693 3535 766 3580; x_wconf 88' lang='lat' dir='ltr'><strong>esse</strong></span> <span class='ocrx_word' id='word_1_130' title='bbox 790 3513 892 3598; x_wconf 83' lang='lat' dir='ltr'><strong>cupit,</strong></span> <span class='ocrx_word' id='word_1_131' title='bbox 915 3513 1003 3597; x_wconf 88' lang='lat' dir='ltr'><strong>quod</strong></span> <span class='ocrx_word' id='word_1_132' title='bbox 1026 3512 1103 3592; x_wconf 85' lang='lat' dir='ltr'><strong>edit,</strong></span> <span class='ocrx_word' id='word_1_133' title='bbox 1126 3535 1193 3580; x_wconf 88' lang='lat' dir='ltr'><strong>non</strong></span> 
     </span>
    </p>

    <p class='ocr_par' dir='ltr' id='par_1_13' title="bbox 782 3621 909 3705">
     <span class='ocr_line' id='line_1_26' title="bbox 782 3621 909 3705; baseline -0.016 -17"><span class='ocrx_word' id='word_1_134' title='bbox 782 3621 909 3705; x_wconf 66' lang='lat' dir='ltr'><strong>habet}</strong></span> 
     </span>
    </p>

    <p class='ocr_par' dir='ltr' id='par_1_14' title="bbox 70 3726 1189 3815">
     <span class='ocr_line' id='line_1_27' title="bbox 70 3726 1189 3815; baseline 0.003 -24"><span class='ocrx_word' id='word_1_135' title='bbox 70 3726 150 3796; x_wconf 89' lang='lat' dir='ltr'><strong>Nam</strong></span> <span class='ocrx_word' id='word_1_136' title='bbox 171 3730 281 3798; x_wconf 88' lang='lat' dir='ltr'><strong>hercle</strong></span> <span class='ocrx_word' id='word_1_137' title='bbox 300 3752 360 3815; x_wconf 81' lang='lat' dir='ltr'><strong>ego</strong></span> <span class='ocrx_word' id='word_1_138' title='bbox 377 3730 453 3795; x_wconf 92' lang='lat' dir='ltr'><strong>huic</strong></span> <span class='ocrx_word' id='word_1_139' title='bbox 472 3730 547 3810; x_wconf 87' lang='lat' dir='ltr'><strong>diei,</strong></span> <span class='ocrx_word' id='word_1_140' title='bbox 571 3733 599 3796; x_wconf 93' lang='lat' dir='ltr'><strong>si</strong></span> <span class='ocrx_word' id='word_1_141' title='bbox 616 3731 725 3810; x_wconf 83' lang='lat' dir='ltr'><strong>liceat,</strong></span> <span class='ocrx_word' id='word_1_142' title='bbox 751 3732 865 3798; x_wconf 91' lang='lat' dir='ltr'><strong>oculos</strong></span> <span class='ocrx_word' id='word_1_143' title='bbox 881 3730 1043 3797; x_wconf 83' lang='lat' dir='ltr'><strong>ecfodiam</strong></span> <span class='ocrx_word' id='word_1_144' title='bbox 1060 3729 1189 3810; x_wconf 79' lang='lat' dir='ltr'><strong>lubens,</strong></span> 
     </span>
    </p>

    <p class='ocr_par' dir='ltr' id='par_1_15' title="bbox 70 3835 934 3923">
     <span class='ocr_line' id='line_1_28' title="bbox 70 3835 934 3923; baseline 0.005 -23"><span class='ocrx_word' id='word_1_145' title='bbox 70 3835 121 3902; x_wconf 90' lang='lat' dir='ltr'><strong>Ita</strong></span> <span class='ocrx_word' id='word_1_146' title='bbox 141 3840 346 3923; x_wconf 76' lang='lat' dir='ltr'><strong>malignitate</strong></span> <span class='ocrx_word' id='word_1_147' title='bbox 369 3839 522 3905; x_wconf 86' lang='lat' dir='ltr'><strong>onerauit</strong></span> <span class='ocrx_word' id='word_1_148' title='bbox 544 3841 650 3906; x_wconf 89' lang='lat' dir='ltr'><strong>omnis</strong></span> <span class='ocrx_word' id='word_1_149' title='bbox 673 3839 823 3905; x_wconf 81' lang='lat' dir='ltr'><strong>mortalis</strong></span> <span class='ocrx_word' id='word_1_150' title='bbox 846 3839 934 3904; x_wconf 91' lang='lat' dir='ltr'><strong>mihi.</strong></span> 
     </span>
    </p>

    <p class='ocr_par' dir='ltr' id='par_1_16' title="bbox 70 3943 1195 4031">
     <span class='ocr_line' id='line_1_29' title="bbox 70 3943 1195 4031; baseline 0.008 -23"><span class='ocrx_word' id='word_1_151' title='bbox 70 3943 179 4028; x_wconf 90' lang='lat' dir='ltr'><strong>Neque</strong></span> <span class='ocrx_word' id='word_1_152' title='bbox 201 3948 445 4014; x_wconf 86' lang='lat' dir='ltr'><strong>ieiuniosiorem</strong></span> <span class='ocrx_word' id='word_1_153' title='bbox 468 3967 529 4013; x_wconf 89' lang='lat' dir='ltr'><strong>nec</strong></span> <span class='ocrx_word' id='word_1_154' title='bbox 551 3949 654 4031; x_wconf 83' lang='lat' dir='ltr'><strong>magis</strong></span> <span class='ocrx_word' id='word_1_155' title='bbox 679 3947 835 4012; x_wconf 87' lang='lat' dir='ltr'><strong>ecfertum</strong></span> <span class='ocrx_word' id='word_1_156' title='bbox 858 3947 944 4013; x_wconf 86' lang='lat' dir='ltr'><strong>fame</strong></span> <span class='ocrx_word' id='word_1_157' title='bbox 1143 3963 1195 4017; x_wconf 79' lang='lat'><strong>465</strong></span> 
     </span>
    </p>

    <p class='ocr_par' dir='ltr' id='par_1_17' title="bbox 70 4051 1140 4141">
     <span class='ocr_line' id='line_1_30' title="bbox 70 4051 1140 4141; baseline 0.002 -24"><span class='ocrx_word' id='word_1_158' title='bbox 70 4051 143 4120; x_wconf 91' lang='lat' dir='ltr'><strong>Uidi</strong></span> <span class='ocrx_word' id='word_1_159' title='bbox 163 4077 223 4122; x_wconf 87' lang='lat' dir='ltr'><strong>neo</strong></span> <span class='ocrx_word' id='word_1_160' title='bbox 245 4056 302 4140; x_wconf 90' lang='lat' dir='ltr'><strong>qui</strong></span> <span class='ocrx_word' id='word_1_161' title='bbox 322 4057 430 4121; x_wconf 88' lang='lat' dir='ltr'><strong>minus</strong></span> <span class='ocrx_word' id='word_1_162' title='bbox 453 4055 621 4139; x_wconf 83' lang='lat' dir='ltr'><strong>procedat,</strong></span> <span class='ocrx_word' id='word_1_163' title='bbox 643 4055 803 4141; x_wconf 90' lang='lat' dir='ltr'><strong>quidquid</strong></span> <span class='ocrx_word' id='word_1_164' title='bbox 825 4054 933 4121; x_wconf 85' lang='lat' dir='ltr'><strong>faeere</strong></span> <span class='ocrx_word' id='word_1_165' title='bbox 956 4056 1140 4140; x_wconf 59' lang='lat' dir='ltr'><strong>occeperim</strong></span> 
     </span>
    </p>
   </div>
   <div class='ocr_carea' id='block_1_10' title="bbox 85 4225 302 4240">
    <p class='ocr_par' dir='ltr' id='par_1_18' title="bbox 85 4225 302 4240">
     <span class='ocr_line' id='line_1_31' title="bbox 85 4225 302 4240; baseline 0.018 -4"><span class='ocrx_word' id='word_1_166' title='bbox 85 4225 99 4232; x_wconf 65' lang='lat'><em>⁶</em></span> <span class='ocrx_word' id='word_1_167' title='bbox 110 4227 187 4238; x_wconf 47' lang='grc' dir='ltr'>ὴ..-</span> <span class='ocrx_word' id='word_1_168' title='bbox 201 4233 302 4240; x_wconf 77' lang='grc'>..----</span> 
     </span>
    </p>
   </div>
   <div class='ocr_carea' id='block_1_11' title="bbox 73 4309 1194 4466">
    <p class='ocr_par' dir='ltr' id='par_1_19' title="bbox 73 4309 1194 4466">
     <span class='ocr_line' id='line_1_32' title="bbox 137 4309 1194 4380; baseline -0.006 -12"><span class='ocrx_word' id='word_1_169' title='bbox 137 4313 186 4368; x_wconf 69' lang='grc'><strong>454</strong></span> <span class='ocrx_word' id='word_1_170' title='bbox 201 4312 254 4368; x_wconf 85' lang='lat' dir='ltr'><strong>hos</strong></span> <span class='ocrx_word' id='word_1_171' title='bbox 331 4314 382 4367; x_wconf 73' lang='lat'><strong>455</strong></span> <span class='ocrx_word' id='word_1_172' title='bbox 400 4313 495 4367; x_wconf 82' lang='lat' dir='ltr'><strong>stultis</strong></span> <span class='ocrx_word' id='word_1_173' title='bbox 568 4313 620 4366; x_wconf 79' lang='lat'><strong>456</strong></span> <span class='ocrx_word' id='word_1_174' title='bbox 638 4312 756 4366; x_wconf 85' lang='lat' dir='ltr'><strong>custode</strong></span> <span class='ocrx_word' id='word_1_175' title='bbox 775 4327 828 4380; x_wconf 77' lang='lat' dir='ltr'><strong>ego</strong></span> <span class='ocrx_word' id='word_1_176' title='bbox 904 4311 955 4364; x_wconf 80' lang='lat'><strong>45⁷</strong></span> <span class='ocrx_word' id='word_1_177' title='bbox 973 4309 1089 4364; x_wconf 80' lang='lat' dir='ltr'><strong>fratrem</strong></span> <span class='ocrx_word' id='word_1_178' title='bbox 1107 4309 1194 4362; x_wconf 91' lang='lat' dir='ltr'><strong>modo</strong></span> 
     </span>
     <span class='ocr_line' id='line_1_33' title="bbox 73 4397 713 4466; baseline 0.005 -19"><span class='ocrx_word' id='word_1_179' title='bbox 73 4397 195 4463; x_wconf 84' lang='lat' dir='ltr'><strong>captiuos</strong></span> <span class='ocrx_word' id='word_1_180' title='bbox 264 4400 316 4454; x_wconf 78' lang='lat'><strong>458</strong></span> <span class='ocrx_word' id='word_1_181' title='bbox 335 4399 427 4466; x_wconf 82' lang='lat' dir='ltr'><strong>eequis</strong></span> <span class='ocrx_word' id='word_1_182' title='bbox 502 4398 554 4452; x_wconf 76' lang='lat'><strong>466</strong></span> <span class='ocrx_word' id='word_1_183' title='bbox 572 4397 713 4466; x_wconf 85' lang='lat' dir='ltr'><strong>occeperit</strong></span> 
     </span>
    </p>
   </div>
   <div class='ocr_carea' id='block_1_12' title="bbox 0 0 1468 5010">
    <p class='ocr_par' dir='ltr' id='par_1_20' title="bbox 0 0 1468 5010">
     <span class='ocr_line' id='line_1_34' title="bbox 0 0 1468 5010; baseline 0 0"><span class='ocrx_word' id='word_1_184' title='bbox 0 0 1468 5010; x_wconf 95' lang='lat' dir='ltr'><strong> </strong></span> 
     </span>
    </p>
   </div>
  </div>
 </body>
</html>
