2922 5006
96 498 127 564 V,
136 500 161 564 3,
172 500 278 552 aa—ra
587 499 726 554 Curculio.
1159 505 1224 564 265

94 687 213 752 Libera
228 688 312 753 haec
330 693 389 768 est,
412 688 466 752 hio
483 689 580 754 huius
600 688 703 754 frater
714 695 774 768 est,
796 689 878 753 haee
891 695 1001 752 autem
1013 687 1102 752 illius
1115 707 1223 766 soror;

94 795 181 860 Haec
206 795 288 860 mihi
309 795 422 876 nubet,
452 803 488 861 tu
516 796 592 862 huic
615 803 787 879 argentum
809 796 920 862 redde.
972 795 1043 860 Hoc
1065 794 1222 860 iudicium

815 910 966 969 meumst.

466 1035 852 1118 Therapontigonus

93 1143 139 1206 Tu
160 1151 273 1222 autem
291 1144 325 1207 iu
342 1163 444 1208 neruo
463 1145 528 1206 iam
544 1143 676 1224 iacebis,
698 1143 763 1208 nisi
779 1142 859 1206 mihi
878 1151 1050 1223 argeutum
1062 1140 1221 1206 redditur.

552 1284 769 1368 Cappadox

94 1394 212 1458 Hercle
237 1395 336 1459 istam
359 1415 429 1458 rem
451 1393 606 1458 iudicasti
629 1390 812 1478 perfidiose,
836 1373 1048 1458 Phaedrome.
1172 1408 1226 1460 715

93 1501 134 1566 Et
155 1502 219 1568 tibi
244 1502 361 1580 oberit,
385 1507 418 1566 et
440 1507 483 1580 te,
507 1501 609 1580 miles,
634 1501 667 1566 di
691 1500 837 1586 deaeque
860 1501 1029 1584 perduint!

93 1609 139 1673 Tu
163 1631 215 1674 me
242 1629 391 1694 sequere.

467 1717 852 1801 Therapontigonus

431 1823 501 1902 Quo
526 1847 647 1908 sequar
668 1827 723 1891 te?

550 1966 770 2052 Cappadox

765 2075 814 2142 Ad
837 2077 1033 2159 trapezitam
1056 2097 1174 2153 meum,

94 2184 140 2246 Ad
164 2191 367 2267 praetorem3
389 2206 466 2249 nam
488 2184 564 2250 iude
587 2205 655 2250 rem
680 2185 773 2249 soluo
792 2185 951 2265 omnibus,
969 2183 1089 2268 quibus
1108 2182 1224 2248 debeo.

466 2315 853 2400 Therapontigonus

95 2423 161 2506 Ego
190 2429 224 2489 te
254 2424 288 2487 in
318 2445 469 2503 neruom,
502 2423 593 2490 haud
622 2424 664 2489 ad
693 2432 879 2507 praetorem
907 2425 983 2491 hine
1012 2425 1153 2508 rapiam,
1188 2425 1223 2488 ni

812 2542 982 2618 argentum
1005 2534 1118 2600 refers.

419 2724 422 2728 ¹
550 2637 771 2723 Cappadox

94 2747 161 2829 Ego
184 2753 219 2812 te
243 2745 456 2812 uehementer
478 2751 586 2831 perire
609 2751 716 2832 cupio,
738 2771 779 2814 ne
802 2757 840 2816 tu
861 2752 1000 2816 nesciae.
1171 2769 1227 2821 720

466 2889 852 2974 Therapontigonus

93 2997 185 3062 Itaue
208 2997 313 3062 uero?

549 3105 767 3191 Cappadox

344 3213 397 3278 Ita
418 3213 529 3279 hercle
552 3236 644 3279 uero.

465 3355 854 3441 Therapontigonus

700 3467 786 3532 Noui
809 3488 868 3550 ego
892 3467 952 3533 hos
974 3489 1100 3551 pugnos
1124 3490 1224 3534 meos.

549 3595 769 3681 Cappadox

96 3699 177 3777 Quid
201 3704 295 3766 tum?

464 3812 852 3898 Therapontigonus
918 3787 919 3790 Ἴ

217 3917 303 3996 Quid
325 3925 405 4000 tum,
428 3921 576 4004 rogitas?
620 3921 719 3987 Hisce
743 3943 814 4006 ego,
838 3925 864 3989 si
888 3930 926 3989 tu
949 3948 1000 3991 me
1024 3927 1223 4005 inritamus,

96 4022 264 4092 Placidum
287 4033 320 4092 te
343 4027 443 4094 hodie
466 4029 613 4095 reddam.

162 4285 213 4336 712
233 4283 338 4337 Libera
355 4284 417 4338 haee
436 4291 480 4340 eet
497 4287 568 4340 item.
629 4289 679 4342 713
698 4288 766 4344 Hac
783 4288 853 4341 mihi
870 4289 958 4342 nubet
975 4291 1045 4344 item
1103 4292 1223 4344 715-18

98 4367 180 4422 maus
199 4369 332 4424 ueradua·
395 4372 446 4425 716
464 4371 596 4440 perdiuut
663 4375 713 4427 719
731 4389 819 4428 neruo
881 4377 932 4428 720
950 4391 985 4430 ne
1003 4381 1035 4429 tu
1052 4393 1097 4430 me
1114 4378 1225 4433 nesciae
