2928 5010
259 511 301 572 84
775 503 877 560 Plauti
1074 503 1110 570 11,
1120 505 1144 566 8,
1157 503 1302 572 rao-111,
1312 509 1332 572 l,
1341 509 1365 559 ll

260 693 365 760 Senex
387 693 421 758 in
443 693 609 778 Ephesum
631 691 694 758 ibit
716 713 832 758 aururn
856 713 1039 773 arcessere3

258 801 322 868 Hic
343 807 460 897 nostra
482 807 599 884 agetur
620 806 713 868 aetas
736 802 770 866 in
792 801 958 868 malacum
979 799 1122 882 modum,

260 909 294 976 Si
316 909 448 994 quidem
470 908 525 974 hic
547 907 712 994 relinquet
733 929 839 993 neque
861 929 972 976 secum
993 908 1136 974 abducet
1158 931 1278 998 senex'

258 1017 335 1084 Med
356 1023 391 1084 et
411 1016 659 1084 Mnesilochum.
704 1016 793 1096 Quas
816 1037 877 1102 ego
898 1015 953 1082 hic
975 1015 1091 1083 turbas
1114 1017 1214 1084 dabo!

259 1125 324 1193 Sed
346 1125 428 1209 quid
449 1125 639 1207 lutumst,
663 1147 762 1209 quom
783 1125 847 1192 hoc
871 1145 971 1192 senex
993 1127 1190 1192 resciuarit?
1329 1143 1372 1198 aaa

259 1233 366 1312 Quom
387 1256 422 1302 se
445 1234 670 1302 excucurrisse
691 1233 772 1300 illuc
793 1233 917 1300 frustra
940 1233 1075 1300 sciuerit

257 1341 390 1427 Nosque
412 1363 530 1408 aurum
552 1343 685 1424 abusos,
708 1341 787 1427 quid
810 1341 890 1408 mihi
911 1341 969 1407 fiet
990 1344 1128 1426 postea?

259 1449 365 1517 Credo
388 1450 508 1532 hercle,
532 1451 712 1518 adueniens
734 1471 853 1516 nomen
875 1449 1019 1516 mutabit
1041 1450 1121 1516 mihi

257 1558 437 1642 Facietque
460 1559 622 1644 extemplo
646 1557 851 1625 Crucisalum
873 1579 924 1624 me
948 1579 987 1622 ex
1010 1556 1180 1643 Chrysalo.

258 1666 424 1751 Aufugero
447 1667 566 1746 hercle,
589 1667 617 1733 si
640 1668 746 1750 magis
768 1687 848 1734 usus
871 1666 1009 1732 uenerit
1332 1685 1375 1738 coo

258 1773 294 1840 Si
316 1795 371 1840 ero
393 1773 621 1859 reprehensus,
644 1780 753 1841 macto
775 1795 837 1858 ego
859 1774 953 1840 illum
974 1774 1163 1840 infortunio.

260 1881 295 1948 Si
317 1881 366 1947 illi
390 1888 467 1949 sunt
488 1885 602 1968 uirgae
623 1884 702 1964 ruri,
725 1889 762 1948 at
782 1881 863 1950 mihi
885 1889 1015 1964 tergum
1037 1881 1168 1948 domist.

260 1988 368 2074 [Nunc
390 1990 461 2073 ibo;
484 1991 557 2058 erili
579 1991 647 2058 filio
670 1991 739 2057 eius
761 1990 846 2058 hanc
867 1989 1029 2058 fabricam
1052 1990 1139 2057 dabo

258 2097 364 2182 Super
385 2121 465 2166 auro
488 2101 661 2184 amicaque
683 2100 753 2166 eius
775 2100 912 2166 inuenta
933 2097 1124 2182 Bacchide]

603 2643 605 2648 -
658 2596 798 2664 LYDUS
822 2597 996 2665 SERUOS.

255 2751 394 2818 Pandite
410 2759 510 2836 atquo
521 2751 648 2836 aperite
659 2772 799 2836 propere
811 2751 943 2818 ianuam
955 2752 1039 2817 hanc
1051 2751 1137 2832 Orci,
1161 2751 1314 2833 obsecro;
1335 2767 1377 2821 365

257 2859 342 2926 Nam
375 2861 527 2944 equidem
560 2859 652 2926 haud
678 2859 776 2926 aliter
804 2879 876 2926 esse
905 2859 1007 2940 duco;
1043 2861 1167 2946 quippe
1201 2883 1266 2944 quo
1294 2877 1377 2926 nemo

985 2967 1129 3048 aduenit,

256 3075 328 3141 Nisi
350 3097 447 3161 quem
468 3097 544 3162 spes
567 3075 731 3160 reliquere
753 3095 875 3156 omnes,
899 3097 970 3143 esse
992 3085 1030 3142 ιιι
1052 3075 1137 3160 frugi
1160 3079 1299 3161 possiet.

256 3183 438 3250 Bacchides
462 3206 527 3251 non
548 3183 731 3251 Bacchides
754 3183 812 3251 sed
834 3183 980 3252 bacchae
1003 3191 1305 3251 suutacerrumae.

258 3292 371 3376 Apage
399 3293 482 3359 istas
509 3314 530 3358 a
558 3313 610 3359 me
646 3314 790 3373 sorores,
826 3314 911 3379 quae
944 3293 1113 3358 hominum
1147 3293 1283 3361 sorbent
1314 3313 1378 3358 sau-

980 3402 1123 3484 guinem.

259 3507 372 3574 Omnis
386 3507 430 3574 ad
442 3509 621 3593 perniciem
633 3509 795 3576 instructa
810 3509 927 3574 domus
939 3509 1047 3592 opime
1059 3517 1159 3593 atque
1171 3509 1316 3594 opipara.
1335 3522 1378 3576 eto
1444 3509 1445 3526 ¹

259 3615 352 3693 Quae
373 3624 410 3681 ut
432 3615 577 3702 adspexi,
599 3635 651 3684 me
674 3617 829 3684 continuo
853 3616 978 3682 contuli
1000 3617 1165 3701 protinam
1189 3618 1224 3682 in
1247 3614 1352 3701 podes.

259 3723 372 3807 Egone
385 3730 423 3790 ut
434 3723 517 3791 haec
529 3723 685 3792 conclusa
695 3731 822 3809 gestem
840 3723 1048 3790 clanculum?
1071 3731 1109 3791 nt
1127 3725 1232 3791 celem
1249 3731 1378 3810 patrem,

257 3831 443 3914 Pistoclere,
466 3837 526 3898 tua
547 3831 674 3916 flagitia
696 3837 757 3898 aut
778 3831 899 3898 damna
921 3839 981 3899 aut
1003 3831 1222 3913 desidiabula,

259 3939 384 4017 Quibus
406 3945 535 4025 patrem
556 3950 590 4005 et
607 3961 660 4005 me
681 3945 781 4023 teque
803 3941 994 4026 amicosque
1016 3941 1124 4006 omnis
1147 3939 1295 4006 adfectas
1313 3944 1378 4003 tuos
1443 4023 1444 4030 ἵ

257 4049 308 4114 Ad
320 4047 486 4133 probrum,
500 4047 666 4129 damnum,
680 4046 842 4132 flagitium
854 4048 1023 4134 adpellere
1036 4069 1104 4114 uua
1114 4053 1149 4116 et
1159 4047 1318 4132 perdere?
1335 4057 1378 4113 ere
1443 4035 1444 4094 ἶ

327 4305 376 4358 351
396 4317 524 4359 moerere
627 4303 678 4358 352
700 4303 883 4360 malaeumO
988 4305 1039 4358 866
1062 4303 1147 4372 quipe
1165 4303 1216 4372 qui
1232 4303 1266 4366 Β,
1285 4300 1378 4370 quippe

259 4385 349 4456 quic
416 4390 467 4442 367
484 4387 684 4457 relinquereo
770 4392 821 4446 370
839 4389 999 4460 permitiom
1015 4387 1044 4443 Β
1113 4389 1167 4443 374
1184 4385 1312 4443 adflictas
