2960 5012
285 503 329 564 48
801 499 894 556 Plauti
1207 501 1396 572 ΝΛΜ-ιτ

738 690 964 774 Lyconides

287 795 336 875 Id,
360 797 447 879 quod
470 804 625 863 uerumst.

779 907 921 974 Euclio

565 1036 652 1114 Quid
675 1059 734 1121 ego
756 1060 830 1104 com
854 1042 891 1104 de
914 1041 1077 1118 demerui,
1102 1041 1303 1122 adulescens,
1326 1041 1399 1120 mali,

288 1143 397 1222 Quam
414 1144 456 1210 ob
475 1167 544 1211 rem
563 1147 611 1212 ita
632 1145 769 1227 faceres
793 1169 908 1230 meque
927 1169 1083 1233 meosque
1101 1149 1266 1232 perditum
1289 1151 1349 1216 ires
1368 1151 1400 1214 li-

957 1257 1076 1322 beros?

737 1386 967 1471 Lyconides

290 1492 381 1556 Deus
404 1491 564 1576 impulsor
586 1493 667 1558 mihi
689 1491 767 1575 fuit}
791 1496 819 1559 is
843 1517 892 1559 me
917 1495 958 1560 ad
981 1495 1073 1560 illam
1095 1497 1220 1562 inlexit.

781 1626 928 1690 Euclio

1091 1735 1162 1812 Quo
1186 1736 1306 1800 modo?
1361 1751 1404 1806 730
1460 1787 1461 1798 ,

709 1919 710 1924 ¹
742 1841 970 1925 Lyconides

293 1949 415 2014 Fateor
437 1950 625 2032 peceanisse
648 1971 697 2014 me
720 1955 753 2013 et
775 1971 826 2013 me
850 1951 979 2033 culpam
1003 1951 1318 2018 conmeritumscio.

293 2055 334 2121 ld
357 2057 439 2122 adeo
462 2064 495 2122 te
519 2064 649 2122 oratum
672 2057 824 2136 aduenio,
848 2065 886 2122 ut
909 2059 1016 2123 animo
1036 2079 1140 2140 aequo
1158 2060 1312 2140 ignoscas
1329 2058 1404 2123 mihi.

787 2188 930 2254 Euclio

293 2294 361 2360 Gur
378 2297 412 2360 id
430 2297 558 2362 ausus’s
575 2298 693 2377 iacere,
716 2303 753 2362 ut
770 2297 813 2375 id,
838 2297 926 2379 quod
939 2317 1005 2362 uon
1016 2303 1111 2392 tuum
1124 2303 1221 2377 esset,
1245 2297 1408 2380 tangeres?

746 2428 773 2492 L
807 2427 976 2493 conides

291 2534 378 2612 Quid
401 2537 452 2600 uis
474 2535 567 2599 fieri?
590 2535 762 2601 Factumsi
779 2450 881 2616 illud3
904 2535 976 2600 fieri
998 2535 1156 2601 iniectum
1173 2558 1238 2602 nou
1258 2543 1373 2620 potest.

294 2643 382 2707 Deos
405 2643 502 2707 credo
525 2643 684 2725 uoluisse3
708 2665 784 2709 nam
806 2645 839 2708 ni
862 2645 994 2724 uellent,
1018 2665 1083 2710 non
1106 2643 1210 2724 fieret,
1234 2647 1310 2710 scio.
1365 2657 1407 2711 735

787 2775 927 2840 Euclio

294 2881 338 2946 At
360 2903 419 2966 ego
443 2883 521 2947 deos
542 2883 639 2948 credo
658 2883 812 2962 uoluisse,
835 2890 872 2948 ut
889 2883 977 2966 apud
994 2905 1045 2948 me
1063 2889 1096 2948 te
1112 2885 1146 2948 in
1164 2905 1266 2949 neruo
1285 2885 1406 2948 enicem.

748 3014 972 3098 Lyconides

292 3119 343 3185 Ne
365 3122 453 3186 istuc
475 3122 569 3188 dixis.

786 3231 930 3295 Euclio

636 3339 722 3417 Quid
744 3339 805 3404 cibi
829 3361 905 3422 ergo
929 3359 1035 3403 meam
1057 3359 1108 3402 me
1131 3339 1235 3403 inuito
1261 3335 1407 3404 tactiost?

746 3469 972 3554 Lyconides

294 3573 380 3650 Quia
402 3577 472 3640 uini
494 3577 577 3642 uitio
600 3583 700 3662 atque
722 3579 844 3642 amoris
866 3577 938 3641 feci.

785 3719 930 3783 Euclio

987 3827 1093 3892 Homo
1117 3828 1353 3902 audacissume‚
1457 3849 1458 3900 ῑ

293 3935 377 4002 Cum
394 3937 514 4001 istacin
532 3942 564 4000 te
583 3937 731 4002 oratione
749 3935 813 4000 huc
835 3937 877 4000 ad
898 3957 947 3999 me
971 3936 1062 4000 adire
1084 3955 1208 4016 ausum,
1232 3926 1408 4019 impudens!

294 4045 379 4108 Nam
403 4046 431 4108 si
453 4045 540 4108 istuc
562 4045 612 4109 ius
636 4053 693 4125 est,
716 4051 754 4109 ut
775 4051 812 4108 tu
835 4045 921 4108 istuc
944 4065 1099 4109 excusare
1123 4045 1261 4127 possies,
1365 4053 1410 4106 740

364 4301 415 4354 728
433 4317 542 4354 uersum
553 4305 602 4354 esc.
630 4297 735 4353 EUCL.
756 4299 827 4366 Quid
846 4317 899 4371 ego
917 4299 1012 4368 (uacat
1020 4299 1152 4366 spatium
1170 4299 1285 4352 Emerui
1321 4296 1368 4350 730
1384 4295 1409 4346 ai

295 4387 347 4438 ‘731
366 4387 528 4454 peccauisse
547 4391 575 4439 et
645 4387 695 4438 733
714 4402 796 4439 ausus
868 4403 943 4439 esses
1014 4387 1065 4438 736
1083 4385 1157 4453 apud
1175 4389 1205 4438 ts
1222 4403 1267 4439 me
