2916 5006
525 567 556 620 v.
578 569 721 621 941-9ae.
1113 575 1175 634 435

63 763 132 818 Aet
149 763 250 819 ceteri.
290 761 496 820 Hermam.
520 763 607 834 ,item
626 761 676 818 ille
694 759 755 819 se“.
789 761 934 838 Equidem
954 761 1061 820 malum
1079 769 1175 842 septe·

63 865 170 922 narium
183 883 238 942 pro
251 865 352 941 spurio
364 863 527 922 habuerim.
540 895 581 904 —
595 865 666 921 948.
689 863 806 921 Novum
826 863 912 940 quasi
931 871 1020 942 caput
1036 867 1181 924 orationis

63 965 175 1025 ordiens
194 989 211 1024 a
228 967 387 1024 trochaicis
405 968 535 1025 numeris
552 969 667 1044 incipit,
692 965 745 1023 sed
761 972 830 1042 post
847 972 909 1024 tres
929 972 1097 1026 octonarios
1115 989 1181 1026 cum

62 1072 227 1146 septenario
245 1069 362 1128 iambici
375 1073 519 1130 octonarii
530 1070 664 1128 redeunt.
681 1099 717 1108 -
736 1064 840 1143 foreat
856 1069 922 1128 Bet
938 1070 968 1128 C.
982 1071 1095 1130 Ritsch.
1108 1073 1182 1130 exA

65 1170 190 1245 „fuere“,
199 1179 301 1231 contra
309 1177 466 1232 rationem.
485 1173 568 1231 Idem
579 1173 610 1230 in
621 1173 758 1250 proximo
771 1192 859 1230 versu
868 1173 1011 1246 „alterum
1024 1169 1181 1233 autemst“.

62 1275 118 1333 Nec
129 1295 201 1334 sane
213 1275 309 1351 placet
321 1274 416 1334 etiam
427 1295 482 1353 pro
494 1283 557 1336 lum
574 1283 626 1334 aut
643 1297 734 1354 porro
753 1279 899 1353 positum,
922 1277 974 1334 sed
986 1279 1079 1354 magia
1092 1277 1182 1335 offen·

63 1379 103 1436 dit
114 1379 168 1452 ast,
186 1399 242 1455 pro
261 1397 321 1454 quo
333 1381 501 1437 necessario
512 1381 685 1457 postulatur
701 1377 781 1454 suit,
805 1379 885 1455 quod
903 1379 1082 1438 substituere
1095 1399 1183 1438 ausus

63 1501 131 1539 sum.
177 1481 275 1538 Troiae
299 1483 340 1538 ait
363 1477 423 1540 irio
444 1477 546 1556 fuisse
568 1479 647 1556 sata,
673 1485 693 1541 i.
718 1503 743 1541 e.
768 1483 827 1540 tria
848 1487 985 1559 tempora
1008 1484 1115 1542 fatalia
1136 1485 1184 1542 vel

63 1585 200 1660 pericula,
220 1603 285 1660 quae
298 1589 323 1642 si
336 1589 449 1643 evitare
462 1588 616 1660 potuisset,
636 1591 724 1662 capta
736 1607 794 1644 non
808 1591 894 1644 esset.
929 1584 1060 1644 Primum
1074 1605 1184 1666 expug-

63 1689 122 1744 nari
134 1707 194 1745 non
206 1706 301 1762 posse,
315 1689 457 1763 quamdiu
469 1690 623 1765 antiquum
635 1689 777 1746 Minerrae
790 1687 988 1760 simulacrum,
1006 1689 1183 1762 Palladium,

63 1792 91 1848 in
115 1809 182 1848 arce
206 1795 386 1863 servaretur,
411 1791 491 1866 quod
514 1791 617 1852 Ulixes
641 1797 672 1849 et
695 1791 852 1849 Diomedes
875 1791 957 1848 furto
981 1790 1184 1862 abstulerunt;

63 1901 121 1950 tum
146 1913 236 1970 quam
260 1891 312 1950 diu
329 1893 448 1951 Troilus
465 1895 603 1952 minimus
626 1899 699 1952 natu
719 1892 848 1951 filiorum
866 1891 975 1951 Priami
999 1895 1079 1951 inter
1101 1895 1185 1951 vivos

63 2003 151 2068 esset,
188 2015 275 2073 quem
305 2001 454 2072 oppressit
484 2001 513 2054 et
546 1997 656 2056 occidit
684 1995 829 2068 Achilles;
864 1996 1006 2072 denique,
1042 1997 1185 2072 quamdiu

63 2101 177 2158 moenia
201 2099 399 2158 illassdeorum
423 2099 558 2158 inanibus
587 2099 665 2158 iacta
687 2102 804 2172 integra
827 2103 951 2170 starent,
976 2119 1040 2174 qua,¹
1064 2099 1186 2160 Troiani

64 2205 127 2280 ipsi,
152 2208 186 2261 ut
210 2201 339 2279 ligneum
364 2222 471 2280 equum
494 2207 525 2262 in
548 2203 651 2260 urbem
671 2205 848 2280 reciperent,
873 2201 1040 2260 diruerunt.
1074 2200 1186 2260 Eadem

64 2307 124 2364 sata
155 2306 278 2366 Servius
309 2311 518 2368 commemorat
545 2305 583 2362 ad
605 2305 673 2364 AEn.
698 2305 740 2378 11,
775 2305 810 2364 13
841 2311 872 2362 et
900 2305 977 2378 214,
1012 2306 1064 2382 qui
1095 2325 1186 2380 quum

64 2411 152 2468 etiam
182 2409 314 2466 Plautini
343 2409 399 2465 loci
427 2409 604 2466 mentionem
638 2408 743 2480 faciat,
778 2409 867 2466 limen
896 2427 1015 2485 quoque
1049 2427 1187 2484 superum

64 2520 156 2589 portae
192 2515 342 2583 nominat,
381 2512 412 2568 in
436 2529 531 2588 eoque
553 2509 638 2568 addit
659 2511 828 2588 sepulcrum
850 2509 1064 2570 Laomedontis
1087 2513 1187 2584 fuisse,

65 2637 126 2690 quae
157 2615 357 2693 posteriorum
387 2614 646 2692 grammaticorum
674 2613 834 2673 hariolatio
863 2614 954 2672 fuisse
982 2614 1109 2674 videtur.
1160 2616 1189 2674 Is

65 2725 161 2776 autem
197 2737 288 2793 quum
324 2711 472 2790 „Soaeam“
507 2721 625 2794 portam
654 2715 795 2790 dixisset,
834 2717 902 2776 edd.
932 2717 1001 2776 inde
1038 2739 1056 2776 a
1091 2720 1188 2797 primo

68 2798 189 2899 ,portae
223 2815 350 2878 Scaeae“
386 2819 558 2891 ediderunt,
595 2819 664 2877 dum
694 2820 806 2878 Ritsch.
842 2820 975 2879 codicum
1010 2822 1188 2899 scripturam

65 2925 197 2983 reduxit:
216 2923 331 2998 portae
355 2915 519 2999 Plnwiae.
533 2951 575 2961 —
595 2917 695 2981 Troili
716 2939 811 2996 mora,
836 2945 925 3000 quam
943 2929 973 2980 et
990 2929 1085 3001 poetoe
1105 2945 1188 2982 cane·

64 3027 134 3085 bant
157 3033 188 3085 et
212 3024 341 3084 artifices
364 3044 442 3101 sape
471 3025 650 3100 pingebant,
682 3045 710 3084 v.
735 3025 905 3098 Overbeck,
929 3027 1097 3085 Bildwerke
1120 3048 1187 3086 zum

65 3129 250 3189 Thebischen
272 3147 301 3186 u.
321 3127 484 3185 Troischen
508 3127 713 3200 Heldenkreis‚
742 3149 772 3205 p.
798 3129 857 3186 338
882 3149 946 3206 sqq.
969 3159 1011 3168 —
1035 3131 1106 3187 951.
1130 3129 1189 3187 Pro

67 3230 109 3290 eis
120 3231 264 3310 Geppert.
278 3251 307 3308 p.
322 3233 360 3288 37
382 3225 480 3304 ,‚illis“
501 3250 536 3286 ex
553 3231 689 3304 vestigiis
701 3230 901 3304 Ambrosiam.
918 3261 953 3270 -
967 3231 1075 3292 nostro
1092 3232 1190 3290 Meur-

70 3338 128 3394 sius
152 3355 208 3394 em.
240 3365 277 3374 -
316 3335 387 3392 953.
416 3329 461 3390 'ila'
482 3339 598 3408 tempus
622 3334 784 3410 significat,
809 3334 845 3392 cf.
870 3337 941 3392 957.
986 3335 1093 3412 Amph.
1119 3337 1190 3394 246.

69 3467 110 3479 —-
132 3439 206 3495 954.
239 3437 311 3494 lune
332 3438 368 3494 A.
391 3466 433 3474 -
457 3438 527 3494 955.
558 3431 659 3496 detuli
681 3437 782 3510 codd.;
817 3435 941 3510 ,tetuli“
968 3431 1134 3511 Acidaliua,
1158 3444 1193 3496 ut

69 3543 143 3614 8063
167 3537 220 3600 aed
237 3539 314 3598 conf.
332 3539 423 3598 Poen.
443 3541 520 3599 784:
548 3541 616 3615 „qui
640 3539 676 3598 ad
700 3545 730 3598 te
754 3545 904 3599 trecentos
926 3541 1014 3600 modo
1037 3541 1193 3620 Philippos

70 3637 207 3703 detulit“.
236 3643 273 3701 al.
327 3643 401 3701 Tum
432 3641 532 3701 Herm.
564 3640 656 3717 „ego“
690 3643 774 3702 addit
801 3649 871 3721 post
902 3641 1000 3718 „ibi“;
1035 3651 1193 3722 utrumque

70 3747 102 3805 R.
125 3745 173 3804 Fl.
204 3750 377 3824 sequuntur.
408 3776 450 3784 —
484 3748 555 3804 957.
591 3741 756 3819 adaltrute,
792 3741 915 3808 Ulixem
944 3746 976 3806 ut
1007 3744 1193 3824 praedicarit,

70 3852 88 3907 i.
112 3871 137 3908 e.
162 3867 301 3926 comparo
330 3869 393 3906 cum
424 3851 555 3924 periculo
583 3851 695 3922 Ulixis,
731 3871 818 3926 quem
846 3849 1026 3927 pradicant3
1061 3849 1134 3907 dure
1164 3856 1194 3907 et

72 3952 272 4016 ἀνακολούθως.
317 3951 360 4010 Cf.
383 3951 451 4010 Ter.
476 3951 594 4010 Phorm.
622 3955 677 4012 53:
715 3954 896 4028 „Conueniet
918 3940 1072 4024 numerus,
1103 3973 1194 4028 quan·

73 4063 135 4112 tum
156 4049 277 4112 debui“.
295 4085 338 4093 -
356 4055 416 4113 958
436 4075 479 4131 sq.
503 4055 647 4112 trochaici
666 4059 826 4131 septenarii
845 4063 922 4128 sunt,
947 4075 1030 4131 quos,
1054 4057 1194 4130 qnoniam

73 4163 182 4232 prester
210 4163 336 4215 metrum
364 4158 439 4244 nihil
467 4157 604 4229 offendit,
637 4160 753 4216 incuria
782 4159 910 4236 quadam
932 4159 1072 4216 Plautum
1101 4158 1195 4214 immi-

75 4261 182 4317 scuisse
205 4259 396 4334 crediderim3
425 4261 690 4336 ci.Amph.1080
713 4283 756 4338 sq.
776 4261 955 4319 Ritschelius
974 4261 1140 4319 Acidalium
1165 4265 1196 4315 et
1278 4315 1285 4334 ‚

75 4361 216 4436 Pyladem
244 4369 362 4421 secutus
384 4367 427 4422 sic
450 4363 561 4421 iambos
586 4365 783 4421 continuavit:
821 4364 885 4432 ,Ab
909 4363 1022 4421 Helena
1047 4365 1195 4439 cognitum

79 4509 169 4523 .....
193 4465 353 4524 Blanditiis
377 4467 413 4523 ab
440 4467 489 4522 illa
512 4469 621 4524 exemit
644 4463 730 4536 ...“;
765 4466 900 4540 Seyffert.
925 4473 1038 4524 autina:
1078 4473 1139 4538 „set
1163 4473 1195 4521 ul

945 4581 994 4632 28*
