2922 5006
257 505 318 568 252
768 501 861 558 Plauti
1203 503 1365 573 Ima-18

634 731 636 735 >
708 688 929 777 Cappadox
1253 759 1254 762 ,

255 798 539 884 Therapontigone
562 797 780 884 Platagidore,
804 800 904 866 salue.
950 799 1066 868 Saluoa
1089 822 1188 886 quom
1210 801 1339 868 aduenio

254 906 293 973 In
314 906 532 1000 Epidaurum,
562 905 615 972 hio
642 907 741 974 hodie
769 908 859 993 apud
888 929 1004 975 me-
1024 930 1205 995 numquam
1232 909 1364 994 delinges

568 1055 569 1059 =
973 1017 1085 1084 salem.

624 1121 1011 1208 Therapontigonus

253 1223 341 1299 Bene
364 1251 481 1312 uoeas;
503 1252 619 1298 uerum
640 1233 795 1299 inuocata
817 1254 871 1298 res
894 1232 952 1314 eat,
974 1239 1012 1300 ut
1033 1231 1118 1302 male
1142 1237 1186 1302 aii
1206 1234 1276 1302 tibi.

256 1339 323 1408 Sed
345 1339 425 1424 quid
447 1339 516 1423 agii
539 1358 646 1405 meum
669 1341 915 1407 mercimonium
937 1341 1026 1426 apud
1048 1343 1106 1409 te?

703 1447 927 1534 Cappadox

884 1557 975 1624 Nihil
998 1557 1086 1643 apud
1107 1579 1159 1626 me
1182 1559 1310 1643 quidem
1328 1593 1364 1605 -

253 1664 303 1731 Ne
325 1663 430 1732 faoiaa
451 1665 547 1732 deado
570 1700 613 1710 -
634 1685 739 1748 neque
761 1664 914 1748 equidem
935 1665 1040 1733 debeo
1061 1667 1249 1754 quidquam.

623 1772 1013 1857 Therapontigonus

1118 1881 1204 1962 Quid
1226 1885 1293 1952 eet?
1319 1899 1363 1956 566

706 1985 926 2074 Cappadox

254 2095 351 2176 Quod
372 2096 421 2164 fui
441 2097 582 2178 iuratus,
605 2095 680 2164 feei.

621 2205 1008 2290 Therapontigonus
1051 2221 1052 2224 ’

729 2311 857 2379 Reddin
879 2327 922 2379 an
943 2327 1010 2380 non
1032 2311 1206 2398 uirginem,

252 2421 347 2488 Prius
370 2441 470 2507 quam
491 2426 524 2487 te
547 2419 624 2486 huio
646 2441 738 2487 meae
761 2419 954 2488 machaerae
978 2421 1095 2502 obicio,
1117 2423 1287 2508 mastigia?

705 2527 925 2614 Cappadox

253 2636 421 2722 Uapulare
444 2657 505 2722 ego
527 2644 561 2704 te
583 2635 797 2703 uehementer
817 2636 931 2718 iubeo;
953 2658 993 2702 ne
1016 2658 1069 2704 me
1090 2639 1234 2706 dormies.

252 2744 314 2810 Illa
337 2744 531 2827 abductasi;
554 2752 591 2811 tu
614 2744 763 2812 auferere
786 2744 862 2811 hine
885 2765 905 2811 a
928 2766 989 2825 me,
1012 2747 1040 2811 si
1063 2765 1180 2832 perges
1203 2747 1280 2813 mihi

253 2852 340 2920 Male
363 2853 462 2937 loqui,
484 2851 640 2939 prolecto,
664 2854 742 2936 quoi
766 2873 825 2937 ego
848 2855 913 2920 niai
935 2853 1056 2920 malum
1078 2852 1162 2920 nihil
1184 2855 1294 2922 debeo.
1318 2869 1359 2924 ouo

443 3047 446 3054 Ι
618 2961 1009 3046 Therapontigonus

255 3067 358 3136 Mihin
381 3069 503 3136 malum
525 3067 701 3136 minitare?

705 3175 925 3262 Cappadox

627 3287 734 3368 Atque
758 3284 877 3370 edepol
898 3303 964 3352 non
986 3283 1174 3366 minitabor,
1198 3285 1257 3354 aed
1278 3283 1355 3359 daho,

253 3394 287 3461 Si
309 3415 425 3479 perges
446 3395 604 3461 molestus
628 3415 711 3460 esee.
912 3479 915 3486 Ι

619 3501 1008 3585 Therapontigonus

748 3609 837 3676 Leno
862 3609 1034 3675 minitatur
1055 3608 1135 3675 mihi

250 3717 410 3801 Meaeque
431 3737 559 3802 pugnae
582 3717 763 3801 proeliares
784 3716 957 3803 plurumae
980 3718 1124 3801 ophidae
1147 3717 1276 3784 iacent?

249 3826 294 3892 At
315 3827 363 3892 ite
384 3845 436 3890 me
458 3824 634 3890 machaera
656 3831 690 3892 ei
713 3825 838 3910 clipeus
864 3831 892 3890 el
914 3826 1010 3891 lorice
1033 3831 1065 3891 el
1085 3827 1211 3893 casside

250 4020 478 4030 μμ..-

317 4138 367 4192 563
385 4140 488 4192 noenia
564 4136 615 4190 668
632 4136 734 4191 iubebo
808 4138 858 4192 670
874 4137 957 4192 Molee
976 4137 1068 4207 eloqui
1143 4134 1280 4192 elidahe
1294 4124 1347 4186 ndi

248 4223 299 4277 573
316 4222 397 4278 ideam
415 4237 518 4292 pugnae
567 4222 659 4276 lacent

250 4310 302 4362 5⁷4
318 4323 357 4378 eq.
376 4310 414 4363 At
431 4307 472 4362 ita
489 4323 535 4362 me
553 4307 694 4362 machara
712 4313 741 4362 et
759 4308 866 4378 clipeus
884 4309 955 4364 bene
974 4310 1072 4365 iuuant
1090 4312 1256 4379 pugnarum

377 4393 410 4448 In
428 4393 487 4448 aeia
504 4393 560 4448 niai
577 4391 647 4446 mihi
665 4393 746 4462 uirgo
764 4393 893 4448 redditur
