2960 5012
89 452 260 522 liare-48
561 455 713 510 Aulularia.

517 643 759 728 Megadorus

87 747 169 830 Quid,
191 748 279 816 fide?

564 859 708 926 Euclio

271 965 373 1032 Boua.

521 1073 761 1158 Megadorus

391 1179 485 1262 Quid,
499 1181 630 1262 laetis?

568 1291 710 1357 Euclio

661 1399 775 1482 Neque
798 1401 894 1468 malie
916 1423 1021 1488 neque
1043 1403 1197 1488 inprobis.

522 1508 764 1592 Megadorus

87 1615 229 1682 Aetatem
252 1637 359 1680 meam
381 1617 468 1682 eois?

569 1724 711 1790 Euclio

477 1829 551 1898 Soio
575 1853 647 1898 esse
669 1825 836 1916 grandem,
859 1835 939 1900 item
960 1839 997 1900 ut
1019 1835 1201 1920 pecuniam.

525 1957 765 2040 Megadorus

89 2065 179 2131 Certe
202 2065 319 2150 edepol
342 2065 492 2150 equidem
515 2073 548 2131 te
571 2067 677 2130 eiuem
700 2067 769 2132 sine
791 2066 879 2132 mala
901 2068 987 2133 omni
1008 2067 1136 2133 malitia

93 2172 217 2258 Semper
240 2196 313 2240 sum
336 2173 526 2254 arbitratur,
551 2179 585 2238 et
606 2195 693 2238 nunc
716 2174 869 2240 arbitror.

571 2299 713 2364 Euclio

883 2407 1007 2472 Aurum
1028 2407 1105 2472 huic
1127 2409 1202 2474 olet.

92 2513 172 2591 Quid
193 2537 280 2580 nuno
302 2537 353 2579 me
375 2516 447 2580 uis?

527 2621 768 2704 Megadorus

317 2731 478 2808 Quoniam
501 2737 537 2795 tu
560 2748 610 2795 me
634 2737 667 2794 et
688 2751 748 2812 ego
770 2735 813 2810 te,
836 2730 940 2812 qualis
964 2731 1017 2810 sie,
1041 2733 1119 2813 soie,
1155 2751 1206 2803 210

94 2836 250 2914 Quaeres
273 2845 362 2904 reete
384 2843 497 2904 uortet
519 2838 661 2922 mihique
684 2839 811 2921 tibique
833 2844 975 2922 tuaeque
997 2838 1092 2922 filiae,

95 2945 203 3012 Filiam
224 2954 317 3012 tuam
340 2948 419 3012 mihi
442 2968 574 3012 uxorem
598 2967 706 3030 poseo.
751 2946 910 3011 Promitte
932 2945 996 3012 hoo
1017 2947 1097 3013 fore.

573 3072 715 3137 Euolio

95 3176 182 3259 Heia,
204 3180 386 3264 Megadoro,
409 3179 499 3245 haud
522 3179 675 3244 decorum
697 3178 824 3244 facinus
845 3181 911 3244 tuis
932 3179 1032 3244 factis
1054 3179 1146 3260 facis,

97 3283 137 3349 Ut
153 3287 278 3372 inopem
296 3295 395 3372 atque
414 3289 581 3352 innoxium
600 3287 711 3353 abste
729 3295 827 3368 atque
840 3287 898 3352 abs
910 3289 977 3352 tuis
989 3310 1040 3353 me
1052 3289 1206 3370 irrideas;

94 3389 174 3459 Nem
196 3395 233 3461 de
256 3403 289 3460 te
312 3417 417 3480 neque
440 3418 475 3462 re
497 3417 602 3480 neque
626 3395 738 3460 uerbis
760 3396 877 3476 merui,
906 3401 943 3460 ut
970 3393 1095 3462 faceres
1119 3397 1208 3480 quod

803 3503 895 3568 faeie.
1158 3521 1208 3574 215

531 3629 767 3712 Megadorus

95 3729 204 3819 Neque
225 3737 342 3820 edepol
364 3757 423 3818 ego
446 3743 479 3801 te
503 3737 647 3802 derisum
669 3737 765 3800 uenio
788 3757 893 3818 neque
917 3737 1059 3816 derideo,

97 3839 204 3925 Neque
227 3845 360 3928 dignum
383 3844 535 3910 arbitror.

583 3969 722 4034 Euclio

504 4077 568 4142 Cur
590 4079 690 4160 igitur
711 4077 820 4160 poscis
843 4098 949 4142 meam
972 4081 1101 4160 gnatam
1126 4073 1210 4140 tibi?

535 4209 591 4272 Me
626 4209 776 4272 adorus

95 4307 143 4376 Ut
163 4323 293 4400 propter
316 4337 366 4380 me
389 4315 450 4382 tibi
474 4317 518 4382 sit
539 4230 663 4397 melius,
686 4315 830 4400 mihique
853 4319 1040 4400 propterte
1058 4318 1091 4378 et
1108 4317 1192 4378 tuos.

992 4433 1009 4486 2
