2960 5012
580 521 720 578 Prsefatio.
1166 530 1210 588 XI

93 715 220 774 ablativo
243 717 389 792 singulari
411 719 509 774 tertia
539 715 764 790 declinationis,
799 724 949 776 eteorum
974 737 1108 796 quoqne,
1143 737 1207 793 qnae

92 829 258 882 constanter
291 831 345 884 aut
376 824 472 898 longa
505 829 558 882 aut
590 823 694 882 breves
724 845 788 884 esee
816 825 988 898 rideantur,
1023 845 1083 886 uon
1112 826 1209 884 nullas

91 931 238 991 interdum
259 951 349 993 versu
372 932 491 992 iubente
513 932 618 992 breves
641 937 694 990 aut
714 933 818 1008 longas
839 931 913 993 lieri.
965 933 1092 1005 Quorum
1117 953 1208 1009 quum

90 1041 230 1117 pleraque
253 1041 346 1100 dubia
374 1041 450 1112 sint,
481 1059 536 1100 nec
563 1041 621 1100 nisi
651 1041 786 1099 omnihus
808 1041 907 1100 Plauti
935 1041 1044 1100 sabulis
1074 1047 1209 1100 accurate

89 1147 174 1207 aditis
197 1149 308 1210 certine
331 1148 493 1226 quidquem
517 1149 576 1208 dici
598 1154 752 1226 oporteat,
782 1169 872 1208 unum
901 1155 999 1208 tamen
1028 1148 1210 1208 confidenter

89 1255 253 1332 affirmabo,
275 1257 357 1334 quod
379 1258 466 1333 posui
488 1258 519 1314 in
542 1256 659 1332 Proleg.
682 1276 711 1332 p.
732 1259 792 1316 208
816 1277 871 1334 eq.,
894 1259 924 1316 iu
947 1257 1058 1346 Grecis
1082 1259 1208 1316 nomini·

88 1346 141 1423 bns
169 1365 240 1441 plue
269 1365 357 1424 etiem
387 1364 444 1424 sibi
466 1363 603 1424 Plautum
632 1366 809 1440 permisisse.
866 1365 949 1436 Quod
981 1385 1071 1443 quum
1099 1365 1209 1443 quide

88 1472 162 1532 libro
191 1491 258 1580 mpo
281 1475 459 1532 sententiam
482 1473 629 1546 tulerunt,
665 1473 827 1532 concedere
855 1473 967 1546 nolint,
1002 1475 1054 1546 iis,
1085 1493 1151 1551 quae
1178 1474 1209 1532 in

87 1579 309 1658 Prolegomenie
333 1581 426 1640 alluta
448 1585 526 1654 sunt,
549 1601 644 1658 pauca
665 1581 783 1640 addam.
829 1580 911 1640 Nthl
927 1581 989 1638 fere
1005 1581 1208 1640 vehementius

88 1689 277 1762 exagitarunt
299 1689 404 1762 critici,
428 1709 516 1766 qnam
539 1689 619 1766 quod
644 1685 833 1763 ,Clearetae“
857 1691 888 1746 in
910 1689 1050 1748 Amnaria
1072 1709 1135 1748 eam
1159 1709 1210 1748 uo·

88 1796 172 1854 minis
195 1797 321 1856 formam
350 1796 483 1871 reddidi,
518 1817 607 1874 quem
640 1801 672 1856 et
699 1797 763 1856 eod.
787 1797 918 1856 servavit
948 1803 978 1856 et
999 1797 1109 1872 linguae
1132 1798 1209 1856 ratio

88 1903 279 1964 commendet.
325 1905 419 1978 Quum
450 1905 529 1964 enim
556 1904 686 1964 secunda
713 1907 841 1964 nominis
869 1905 984 1980 syllaba
1012 1906 1100 1982 longa
1123 1911 1209 1977 esset,

88 2011 152 2070 edd.
174 2012 238 2070 fere
264 2011 476 2086 „Cleaeretam“
503 2014 700 2091 scripserant,
735 2033 913 2090 quamquam
936 2015 966 2072 in
991 2015 1109 2072 nomine
1132 2031 1209 2072 ccm-

87 2122 181 2196 posito
199 2141 235 2178 es
251 2123 361 2180 vocalis
379 2123 546 2199 productio,
565 2141 624 2197 qna
636 2123 666 2178 iu
678 2121 771 2180 verbo
788 2123 946 2199 presentie
957 2122 1102 2200 temporis
1112 2121 1210 2180 forma

88 2227 223 2302 efficitur,
247 2229 346 2288 locum
368 2249 427 2288 non
449 2229 555 2303 habet3
578 2247 634 2303 ego
651 2229 789 2288 Plautum
811 2231 917 2306 putavi
939 2249 998 2289 non
1015 2233 1144 2288 mutasse
1160 2247 1210 2288 vo-

88 2337 186 2410 calem,
210 2337 263 2396 sed
286 2339 460 2415 simpliciter
481 2337 669 2416 produxisse,
693 2337 773 2416 quod
796 2357 863 2396 eum
885 2339 917 2396 in
939 2357 1003 2398 voe.
1021 2358 1050 2415 q.
1071 2357 1096 2396 e.
1116 2337 1210 2398 Ache·

86 2463 156 2503 runs
179 2463 281 2504 omnes
303 2445 399 2506 fecere
422 2446 600 2520 concedunt,
622 2449 655 2504 in
677 2446 795 2506 ossibus
820 2445 951 2523 obliquis
973 2448 1135 2522 nominum,
1159 2447 1210 2522 qui

86 2555 269 2614 nominativo
292 2574 363 2614 casn
385 2576 406 2612 ω
429 2553 554 2627 habent,
585 2554 696 2612 factum
720 2574 784 2612 esse
806 2556 957 2627 novimus,
989 2575 1016 2614 v.
1040 2555 1077 2612 ed
1100 2553 1206 2612 Bacch.

87 2680 113 2736 p.
137 2660 197 2720 396
222 2667 314 2736 extr.,
345 2664 377 2720 in
403 2656 623 2739 „halophanta“
649 2661 733 2721 Cure.
756 2663 819 2722 462
843 2663 952 2722 factum
976 2681 1040 2720 esee
1063 2667 1207 2720 monstre-

85 2764 226 2842 bimus*).
272 2769 423 2849 Correptae
446 2775 546 2829 autem
574 2771 683 2828 vocalis
714 2789 804 2846 quum
826 2771 1018 2830 memorabile
1041 2772 1208 2846 exemplum

86 2883 200 2936 extaret
232 2877 315 2936 Asin.
353 2879 430 2938 331:
482 2880 661 2952 ,mercatori
693 2875 820 2938 Pellaeo“
865 2880 895 2936 in
930 2881 1012 2936 exitu
1046 2880 1208 2956 septenarii

89 2981 237 3056 (,Pelleo“
259 2987 374 3063 scripsi,
399 3005 436 3044 ns
454 2986 610 3067 falleretur
625 2983 744 3061 lector),
769 2991 996 3046 commemoravi
1013 2987 1044 3045 in
1063 2986 1209 3044 similibus

86 3094 235 3153 vocabulis
258 3095 346 3153 etIam
370 3093 488 3152 Graece
512 3093 729 3170 diphthongum
753 3097 904 3171 corripere
928 3097 1050 3172 eiusque
1072 3097 1116 3152 rei
1140 3113 1209 3152 anc-

87 3205 174 3260 torem
204 3201 327 3260 laudavi
357 3201 528 3262 Christium.
585 3203 626 3262 Iie
651 3209 749 3262 autem
778 3222 843 3281 qua
872 3203 922 3260 ille
954 3200 1080 3276 (Metrik
1102 3223 1132 3279 p.
1157 3198 1210 3270 20)

88 3309 170 3368 affert
191 3311 336 3388 exemplis
358 3311 446 3370 facile
469 3310 557 3388 pluro
579 3310 649 3370 eddi
672 3317 812 3388 possunt,
843 3311 926 3370 velut
954 3329 1020 3388 quta
1044 3309 1210 3368 afferuntur

87 3417 294 3492 aWelclrsro,
325 3418 372 3476 dis
394 3418 599 3495 griechischen
621 3418 809 3496 Tragoedien
832 3419 855 3492 I,
879 3439 910 3497 p.
935 3421 986 3479 76.
1030 3419 1099 3478 Alie
1121 3419 1209 3478 attuli
1305 3483 1306 3486 Ἴ

87 3527 219 3604 exempla
248 3526 361 3586 vocalis
390 3527 421 3584 in
449 3525 552 3585 Graeco
581 3529 699 3586 nomine
734 3529 845 3605 longae,
881 3527 962 3606 apud
990 3527 1113 3588 Latinos
1147 3545 1209 3585 cor·
1273 3585 1276 3592 ,

87 3639 190 3711 reptae,
221 3635 381 3710 inprimis
407 3631 572 3707 „echems“.
628 3635 711 3694 Idem
733 3634 768 3696 fit
789 3639 821 3696 in
847 3632 1045 3710 ,orichalco“,
1068 3656 1097 3695 v.
1120 3635 1208 3712 Verg.

87 3741 152 3802 AEn.
174 3742 248 3816 XII,
274 3743 324 3816 87,
349 3742 452 3802 Horat.
475 3743 540 3802 Art.
564 3748 644 3820 poet.
669 3745 749 3817 202,
772 3763 839 3802 nom
863 3745 997 3821 quamvis
1019 3749 1122 3803 contra
1144 3763 1209 3802 seu-

87 3851 140 3908 tiet
160 3849 324 3924 Bergkiue,
360 3850 436 3910 Hist.
460 3850 520 3910 litt.
544 3850 636 3912 Grac.
660 3851 690 3925 I,
714 3875 744 3931 p.
766 3851 841 3924 lll,
871 3852 943 3910 mihi
965 3871 1141 3930 persuasum
1165 3855 1210 3908 eet

88 3955 222 4017 Latinam
245 3958 370 4016 formem
394 3978 412 4015 e
434 3957 551 4033 Graeca,
582 3979 647 4037 qun
671 3967 717 4020 est
739 3961 911 4038 ὀρείχαλκος,
940 3960 1105 4019 derivatam
1129 3979 1208 4031 esse;

88 4065 155 4123 item
183 4067 214 4125 in
247 4061 395 4142 „placeat
420 4086 447 4126 v.
471 4067 538 4127 Aul.
565 4071 641 4142 399,
675 4070 743 4129 Ter.
767 4069 860 4128 Andr.
885 4070 961 4140 796,
996 4068 1067 4126 Hor.
1092 4067 1147 4143 Ep.
1172 4065 1210 4140 II,

89 4173 115 4242 2,
138 4175 187 4245 71,
209 4175 240 4231 in
266 4171 453 4250 „gynoeceo“,
477 4194 505 4234 u.
529 4175 618 4235 Most.
644 4179 714 4236 743.
740 4177 811 4235 747.

104 4312 129 4380 ‘)
155 4313 236 4381 Quod
259 4317 289 4368 in
307 4315 418 4385 Proleg.
437 4333 464 4384 p.
484 4318 534 4371 208
552 4317 638 4371 etiem
660 4317 738 4373 Cure.
758 4320 810 4372 480
827 4319 923 4385 attoli,
949 4335 1028 4372 error
1046 4321 1102 4384 est,
1128 4333 1211 4385 quem

155 4401 295 4455 subletum
313 4401 407 4456 velim.
