2960 5012
260 508 280 569 8
768 502 862 558 Plauti

746 692 893 759 Euclio

259 839 303 903 At
324 842 363 902 ut
385 835 524 902 scelesta
546 832 617 901 sola
639 855 749 900 secum
764 835 967 900 murmurat!

260 944 381 1011 Oculos
402 943 512 1010 hercle
535 964 593 1026 ego
616 944 709 1024 istos,
731 943 879 1027 inproba,
902 942 1063 1008 ecfodiam
1084 939 1156 1024 tibi,

258 1054 306 1119 Ne
329 1073 381 1118 me
404 1052 581 1118 obseruare
603 1052 720 1138 possis,
743 1050 824 1132 quid
845 1071 955 1116 rerum
976 1072 1098 1134 geram.

257 1160 405 1226 Abscede
428 1161 528 1226 etiam
549 1180 651 1240 nuno;
684 1159 794 1224 etiam.
839 1157 918 1238 Ohe,

257 1269 338 1334 Istic
361 1267 503 1334 adstato.
554 1266 589 1332 Si
610 1266 720 1332 hercle
742 1272 779 1332 tu
801 1287 842 1331 ex
862 1267 946 1332 istoc
967 1266 1040 1332 loco

257 1376 404 1459 Digitum
424 1382 651 1441 transuersum
672 1379 731 1440 aut
752 1395 893 1456 unguem
915 1373 1020 1439 latum
1042 1375 1233 1455 excesseris,

257 1485 324 1549 Aut
347 1485 374 1548 si
396 1483 554 1568 respexis,
577 1481 730 1548 donicum
753 1503 813 1565 ego
836 1487 869 1547 te
891 1483 1027 1562 iussero,

258 1575 421 1658 Continuo
443 1589 552 1656 hercle
575 1611 636 1672 ego
657 1596 690 1656 te
713 1589 830 1656 dedam
854 1588 1048 1674 discipulam
1069 1590 1166 1655 cruci.
1189 1623 1233 1636 -

259 1699 486 1766 Scelestiorem
508 1719 559 1764 me
581 1697 644 1764 hae
666 1719 731 1764 anu
754 1703 843 1764 certe
867 1700 935 1764 scio

258 1807 389 1874 Uidisse
412 1827 596 1890 numquam,
618 1807 780 1889 nimisque
803 1827 862 1889 ego
886 1805 970 1871 hane
992 1811 1101 1872 metuo
1123 1803 1220 1886 male,

258 1916 308 1982 Ns
330 1915 411 1982 mihi
432 1936 473 1980 ex
493 1915 621 1980 insidiis
644 1911 748 1979 uerba
770 1913 957 1998 inprudenti
980 1913 1062 1993 duit,

258 2023 330 2090 Neu
352 2023 579 2109 persentiscat,
601 2043 717 2088 aurum
738 2021 796 2086 ubi
818 2029 870 2088 est
891 2021 1127 2102 absconditum,

260 2131 350 2209 Quae
371 2133 407 2198 in
429 2131 581 2216 occipitio
606 2151 736 2215 quoque
758 2129 859 2196 habet
881 2129 1004 2209 oculos,
1027 2149 1191 2214 pessuma.

257 2241 351 2306 Nunc
372 2239 437 2318 ibo,
461 2245 498 2305 ut
519 2240 634 2318 uisam,
659 2244 751 2304 estne
773 2239 823 2303 ita
846 2259 970 2318 aurum,
993 2243 1041 2302 ut*
1054 2235 1194 2319 condidi,

260 2347 429 2426 Quodne
453 2346 610 2412 sollicitat
633 2346 783 2430 plurimis
806 2346 959 2412 miserum
981 2345 1098 2411 modis.

721 2537 922 2624 Staphyla

258 2697 408 2762 Noenum
429 2697 602 2772 mecastor,
626 2690 705 2775 quid
728 2712 783 2756 ero
806 2711 864 2775 ego
889 2692 994 2758 dicam
1017 2713 1089 2758 meo

258 2801 366 2869 Malae
387 2801 436 2866 rei
458 2799 605 2864 euenisse
627 2821 767 2882 quamue
790 2801 958 2882 insaniam,

260 2911 351 2988 Quen
375 2907 579 2988 conminisci3
602 2909 651 2973 ita
672 2929 723 2974 me
745 2909 898 2974 miseram
922 2907 1071 2974 adhunc
1094 2905 1226 2973 modum

258 3019 397 3085 Deciens
420 3017 473 3082 die
495 3036 560 3081 uuo
582 3036 678 3100 saepe
702 3016 848 3081 extrudit
869 3017 1017 3082 aedibus.

259 3126 377 3193 Nescio
399 3124 464 3210 pol,
488 3144 573 3208 quae
595 3123 696 3188 illunc
717 3122 881 3193 hominem
903 3124 1118 3208 intemperiae
1140 3127 1270 3189 tenent:

257 3233 436 3318 Peruigilat
458 3238 572 3298 noctes
594 3239 697 3314 totas3
720 3239 791 3299 tum
813 3239 922 3300 autem
944 3232 1105 3298 interdius

259 3343 363 3421 Quasi
386 3340 522 3406 claudus
546 3346 638 3408 sutor
660 3340 748 3408 domi
769 3342 864 3408 sedet
886 3350 972 3408 totos
995 3340 1073 3406 dies.

258 3452 371 3532 Neque
393 3449 470 3528 iarn,
493 3469 557 3530 quo
581 3455 679 3534 paeto
701 3449 804 3516 celem
827 3450 916 3515 erilis
939 3449 1026 3514 filiae

258 3558 427 3636 Probrum,
449 3557 634 3641 propinqua
656 3557 824 3640 partitudo
848 3559 925 3639 quoi
946 3558 1084 3642 adpetit,

261 3665 351 3743 Quec
374 3665 579 3744 conminisui3
600 3685 707 3748 neque
730 3663 909 3750 quidquam
933 3665 1065 3732 meliust
1087 3663 1177 3746 mihi,

259 3773 305 3838 Ut
327 3773 451 3857 opinor,
475 3793 572 3855 quam
595 3793 635 3840 ex
657 3795 708 3838 ms
731 3779 768 3838 ut
789 3793 888 3838 unam
910 3772 1029 3839 faciam
1051 3774 1195 3840 litteram

261 3881 414 3965 Longam,
437 3901 546 3945 meum
567 3881 685 3962 laqueo
708 3881 828 3946 collum
851 3881 982 3963 quando
1006 3881 1221 3947 obstrinxero.

329 4111 362 4166 56
380 4115 473 4166 ateste
524 4113 558 4166 tu
576 4111 691 4180 longum
