2922 5006
769 497 863 554 Plauti
1198 499 1360 566 vam-c

699 687 930 755 Planesium

838 797 902 862 Per
923 803 983 863 tua
1004 818 1111 881 genua
1132 804 1166 863 te
1190 797 1325 876 obsecro,

251 903 296 969 Ut
318 925 377 968 nos
400 903 504 969 iacias
526 905 692 970 certiores.

621 1034 1007 1120 Therapontigonus

792 1144 877 1222 Quid
900 1146 987 1211 istuc
1009 1145 1053 1210 ad
1075 1165 1136 1211 uos
1159 1143 1303 1210 adtinet?
1318 1159 1363 1212 000

251 1250 427 1328 Quaaretis
461 1250 666 1334 chlamydem
699 1259 733 1316 et
765 1252 973 1348 machaeram
1006 1253 1106 1332 hanc,
1140 1251 1226 1317 unde
1254 1251 1294 1318 ad
1318 1271 1361 1314 me

968 1362 1166 1444 peruenerit.

715 1465 909 1534 Curculio

251 1573 297 1639 Ut
318 1555 447 1640 fastidit
469 1575 639 1658 gloriosus.
684 1577 779 1641 Mitte
802 1578 917 1656 istum3
941 1597 1002 1658 ego
1025 1577 1133 1642 dicam
1157 1576 1271 1642 omnia

698 1707 928 1774 Planesium

249 1812 338 1878 Nihil
362 1821 423 1892 est,
447 1815 536 1896 quod
558 1815 614 1880 ille
637 1815 725 1880 dicit.
770 1817 837 1882 Fac
859 1839 910 1882 me
934 1817 1116 1896 certiorem,
1140 1815 1283 1880 obsecro.

621 1945 1008 2031 Therapontigonus

249 2052 318 2135 Ego
337 2054 461 2134 dicam3
485 2076 592 2138 surge.
626 2055 721 2120 Hane
738 2075 807 2120 rem
825 2056 913 2138 agite
931 2061 1032 2139 atque
1045 2055 1189 2118 animum
1201 2051 1362 2118 aduertite.
1436 2097 1437 2102 η

249 2160 349 2226 Pater
371 2183 461 2227 meus
485 2162 602 2229 habuit
624 2163 837 2247 Periphanes.

700 2293 930 2358 Planesium

865 2401 956 2480 Hem,
983 2399 1201 2482 Pmpeanes?
1316 2411 1361 2464 685

620 2525 1007 2610 Therapontigonus

251 2633 283 2697 is
308 2634 400 2716 prius
425 2654 524 2717 quam
546 2635 684 2698 moritur
707 2635 786 2699 mihi
809 2633 901 2699 dedit
923 2641 1092 2718 tamquam
1116 2654 1186 2712 suo,

251 2740 295 2806 Ut
318 2761 456 2826 aequom
478 2740 596 2820 fuerat,
618 2741 694 2822 filio,

698 2850 930 2918 Planesium

734 2959 798 3026 Pro
820 2959 988 3042 iuppiter!

620 3066 1007 3150 Therapontigonus

251 3172 293 3237 Et
316 3175 344 3238 is
368 3195 420 3238 me
442 3173 595 3240 heredem
618 3175 699 3239 fecit
720 3177 799 3240 eiua.

563 3297 565 3300 ’
701 3283 936 3348 Planesium

836 3391 947 3456 Pietas
969 3411 1051 3470 mea,

252 3495 357 3561 Serua
379 3519 440 3576 me,
464 3498 598 3583 quando
621 3520 682 3581 ego
705 3507 738 3563 te
761 3501 896 3564 seruaui
918 3499 1042 3565 sedulo.

250 3605 368 3669 Frater
389 3607 444 3683 mi,
466 3605 568 3670 salue.

620 3713 1006 3798 Therapontigonus
1089 3755 1105 3768 -

610 3821 672 3898 Qui
696 3823 828 3888 credam
850 3844 910 3907 ego
934 3825 1020 3888 istuc
1045 3821 1123 3886 ati?
1146 3821 1235 3898 cedo,
1315 3829 1360 3883 640

252 3928 286 3993 Si
308 3949 387 3994 uera
409 3950 582 4009 memoras,
605 3951 692 4013 quae
713 3930 777 3996 fuit
799 3939 905 3998 mater
927 3931 1007 3996 tua?

320 4208 371 4261 632
388 4207 425 4261 M.
444 4207 527 4261 Mitte
569 4209 620 4262 633
640 4206 692 4262 GU.
712 4207 790 4262 Nihil
809 4214 852 4262 eet
870 4209 947 4277 quod
965 4208 1014 4262 iile
1031 4207 1107 4262 dicit
1143 4207 1200 4264 PH.
1216 4206 1270 4262 Fac
1313 4199 1357 4254 635

250 4293 409 4361 periplanee
426 4293 583 4362 planasiam
641 4295 692 4348 638
710 4292 748 4346 Et
766 4293 819 4348 iate
837 4309 881 4348 me
935 4295 993 4348 eim
1011 4309 1062 4349 om.
1132 4294 1249 4348 ete-40
1264 4285 1356 4344 0100000

250 4377 382 4431 uersibus.
453 4381 505 4432 640
522 4380 574 4432 tibi
593 4395 642 4434 om.
713 4381 833 4432 641-44
851 4379 936 4434 tribue
955 4379 1090 4434 uersibus.
1431 4389 1432 4398 ¹
