2928 5010
327 538 387 598 141
835 531 927 585 naus
983 491 1004 552 ·’

325 725 497 789 Rationem
520 719 660 799 habetis,
684 740 748 802 qno
770 719 868 785 modo
890 741 993 784 unum
1016 721 1172 785 amiserit.

324 831 403 896 Post
426 849 523 913 quom
545 829 741 911 belligerant
763 827 871 893 Aetoli
895 849 968 892 cum
989 828 1087 909 Aleis,

325 939 371 1004 Ut
392 937 430 1004 fit
450 939 484 1004 in
507 937 604 1022 belle,
628 937 758 1020 capitur
780 937 865 1001 alter
887 935 990 1018 filius3

324 1046 473 1112 Medicus
495 1045 691 1112 Menarchus
715 1045 794 1111 emit
815 1045 938 1110 ibidem
959 1046 993 1110 111
1015 1045 1118 1110 Alide.

325 1153 443 1238 Coepit
465 1155 615 1238 captiuos
640 1155 842 1219 conmercari
864 1153 917 1218 hic
939 1152 1045 1234 Aleos,

326 1263 361 1328 Si
385 1284 483 1346 quem
505 1264 649 1346 reperire
672 1267 794 1346 posset,
817 1283 882 1344 quo
905 1266 1011 1327 mutet
1033 1283 1137 1340 suum,
1165 1323 1168 1330 .

322 1371 420 1436 Illum
443 1357 626 1455 captiuo'rm
650 1369 738 1436 hunc
762 1392 857 1435 suum
880 1391 952 1436 esse
975 1371 1090 1449 nescit,
1114 1371 1171 1453 qui
1194 1369 1319 1435 domist.

324 1479 369 1543 Et
390 1481 545 1562 quoniam
567 1479 637 1543 heri
659 1477 854 1558 indaudiuit,
878 1477 918 1543 de
942 1499 1068 1544 summo
1091 1477 1164 1543 loco
1395 1489 1419 1542 11

325 1588 523 1670 Summaque
545 1607 663 1671 genere
687 1595 819 1671 captum
842 1607 913 1652 esse
938 1587 1080 1670 equitem
1104 1585 1227 1670 Aleum,

324 1695 415 1760 Nihil
436 1697 544 1779 pretio
567 1696 679 1780 parsit,
703 1695 771 1759 filio
794 1694 871 1759 dnm
894 1700 1054 1778 parceret.

325 1803 551 1870 Reconciliare
574 1810 611 1868 ut
633 1801 763 1869 facilius
786 1811 896 1886 posset
918 1803 1060 1882 domum,

325 1911 414 1976 Emit
436 1911 536 1976 hosce
559 1933 576 1976 e
600 1911 725 1995 praeda
746 1909 862 1976 ambos
886 1911 926 1976 de
949 1910 1191 1994 quaestoribus.

323 2019 423 2084 Hisce
445 2027 556 2085 autem
578 2020 663 2084 inter
687 2040 758 2086 sese
780 2019 867 2085 huuc
890 2018 1116 2084 confinxerunt
1138 2019 1257 2093 dolum,
1397 2029 1421 2092 tt

325 2126 395 2204 Quo
418 2135 515 2210 pacto
537 2129 564 2192 is
588 2149 702 2192 seruos
725 2149 820 2194 suum
843 2148 935 2192 erum
957 2127 1034 2192 hinc
1056 2129 1192 2192 amittat
1215 2126 1349 2192 domum.

324 2235 441 2319 Itaque
463 2239 550 2301 inter
573 2257 608 2300 se
631 2243 824 2302 conmutant
845 2242 971 2301 uestem
995 2241 1028 2300 et
1049 2236 1197 2328 uomina3

325 2343 396 2408 Illic
419 2351 558 2409 uocatur
579 2343 793 2423 Philocrates⁷
816 2343 869 2409 hic
891 2343 1079 2428 Tyndarus3
1142 2373 1144 2376 >

326 2452 432 2516 Huius
454 2452 519 2531 ille,
542 2451 594 2517 hic
615 2451 704 2517 illius
727 2453 826 2518 hodie
848 2451 913 2516 fert
935 2452 1119 2534 imaginem.

326 2560 369 2624 Et
390 2559 444 2624 hic
466 2559 563 2625 hodie
587 2560 739 2643 expediet
760 2561 846 2626 hauc
870 2559 965 2624 docte
987 2558 1155 2624 fallaciam
1400 2568 1424 2620 lt

325 2669 368 2732 Et
392 2690 488 2745 suum
511 2689 601 2733 erum
623 2668 724 2733 saciet
746 2667 910 2734 libertatis
935 2673 1127 2750 compotem,

325 2776 515 2860 Eodemque
538 2782 636 2866 pacto
658 2777 796 2842 fratrem
819 2776 965 2842 seruabit
988 2797 1082 2840 suum

263 2907 266 2914 ·
325 2885 556 2969 Reducemque
579 2884 678 2950 faciet
701 2885 841 2952 liberum
863 2885 897 2950 111
919 2885 1063 2970 patriam
1087 2883 1129 2948 ad
1151 2889 1279 2967 patrem

325 2992 516 3076 Inprudens,
540 2992 654 3058 itidem
678 3001 714 3058 ut
737 3014 835 3078 saepe
857 2993 924 3058 iam
946 2993 980 3058 in
1003 2993 1115 3060 multis
1138 2992 1219 3057 locis

325 3101 402 3166 Plus
424 3101 565 3166 insciens
589 3102 662 3186 quis
686 3102 765 3168 fecit
787 3123 887 3186 quam
909 3102 1053 3186 prudens
1076 3101 1162 3167 boni.

327 3208 390 3274 Sed
412 3211 587 3275 inscientes
611 3231 672 3274 sua
695 3209 759 3275 sibi
780 3209 914 3275 fallacia

324 3317 377 3381 111
399 3324 623 3402 compararunt
646 3325 679 3383 et
703 3317 930 3384 confinxerunt
953 3317 1074 3396 dolum,

324 3425 442 3506 Itaque
464 3425 498 3489 hi
522 3427 688 3491 commenti
712 3426 752 3490 de
775 3446 836 3491 sua
859 3426 1032 3505 sententia,

325 3532 371 3596 Ut
393 3535 426 3596 in
450 3535 610 3598 seruitute
633 3535 686 3598 hic
709 3535 753 3599 ad
776 3555 870 3598 suum
893 3541 1026 3598 maneat
1048 3541 1184 3617 patrem.

325 3639 379 3704 Ita
399 3661 487 3705 nunc
509 3642 663 3724 ignorans
686 3664 745 3708 suo
768 3641 833 3708 sibi
856 3643 960 3707 seruit
982 3643 1079 3725 patri.

325 3748 523 3814 Homunculi
546 3752 661 3831 quanti
684 3757 768 3830 sunt,
792 3772 891 3834 quom
912 3751 1073 3832 recogito!

325 3857 417 3922 Haec
438 3879 492 3922 res
515 3863 631 3940 agetur
653 3859 757 3938 nobis,
782 3859 878 3924 uobis
900 3858 1022 3924 fabula.

326 3964 391 4030 Sed
414 3966 547 4030 etiamst
570 3968 684 4049 paucis
707 3988 766 4031 uos
790 3967 879 4050 quod
904 3968 1043 4032 monitos
1066 3966 1235 4032 uoluerim.

329 4145 520 4154 ———--———--—
535 4147 552 4152 ..-

394 4243 428 4295 24
444 4223 598 4309 Postquam
660 4242 806 4298 cumalidis
876 4246 910 4298 27
929 4243 1009 4314 Cepit
1072 4245 1224 4300 comercari
1279 4243 1346 4296 alios
1408 4230 1433 4281 2?

325 4333 420 4394 posset
438 4345 502 4381 cum
520 4344 575 4394 quc
654 4330 688 4381 30
705 4327 772 4381 inde
790 4329 897 4384 audivit
945 4332 1008 4388 ,34
1026 4329 1111 4384 hosce
1130 4329 1164 4384 de
1243 4327 1434 4384 remesarius

324 4413 359 4464 38
376 4412 566 4479 philocrathes
585 4413 760 4468 hictindarus
830 4417 863 4470 39
881 4414 970 4470 Huius
987 4414 1045 4469 illic
1062 4415 1109 4469 hic
1179 4418 1214 4471 42
1232 4411 1348 4470 seruauit
