2928 5010
249 519 308 580 ΙΝ
760 509 853 566 ΡΜ

241 702 284 768 Ni
306 701 399 768 illum
422 700 638 768 exanimalem
659 699 745 782 faxo,
769 703 797 767 si
819 722 1013 782 conuenere,

241 810 326 877 Niue
349 810 544 877 exheredem
567 809 675 876 fecero
697 812 787 876 uitae
810 831 899 876 suae.

590 941 593 948 ·
694 917 923 984 Nicobulus

242 1025 410 1112 Ghryxnle,
434 1027 508 1110 quis
530 1026 627 1108 illest,
651 1027 707 1110 qui
730 1028 874 1094 minatur
896 1025 989 1094 filio?

697 1133 922 1220 Chrysalus

241 1243 301 1311 Uir
322 1243 376 1308 hie
399 1249 448 1307 est
469 1241 558 1308 illius
580 1243 735 1325 mulieris,
759 1245 892 1328 quicum
914 1241 1066 1309 adcubat.

693 1351 920 1418 Nicobulus

244 1459 340 1540 Quid,
362 1460 435 1524 uir?

697 1567 917 1654 Chrysalus

483 1675 551 1759 Uir,
574 1677 718 1762 inquam.

696 1783 918 1850 Nicobulus

759 1891 871 1976 Nupta
893 1901 943 1958 est
964 1892 1032 1971 illa,
1057 1893 1217 1959 obsecro?

700 1997 922 2086 Chrysalus

244 2109 335 2176 Scies
358 2110 448 2176 haud
471 2111 574 2176 multo
596 2117 681 2194 post.

691 2217 923 2283 Nicobulus

707 2325 838 2410 Oppido
861 2327 971 2391 interii
993 2327 1101 2390 miser.

686 2431 905 2517 Chrysalus

244 2537 330 2616 Quid
352 2539 459 2605 nune?
484 2541 645 2606 scelestus
666 2541 728 2606 tibi
750 2541 882 2607 uidetur
904 2539 1103 2626 Chrysalus?
1224 2603 1230 2618 ,
1454 2607 1455 2636 3

243 2649 311 2730 Age
333 2669 420 2713 nunu
442 2650 567 2714 uineito
589 2670 651 2730 me,
674 2649 862 2715 auscultato
885 2649 962 2715 filio.
1320 2668 1366 2721 850

243 2754 342 2820 Dixin
364 2757 425 2822 tibi
448 2777 508 2842 ego
531 2757 622 2822 illum
646 2765 679 2822 te
701 2758 922 2838 inuentturum,
945 2757 1053 2840 qualis
1076 2759 1140 2823 sit?

691 2881 920 2950 Nicobulus

246 2987 330 3065 Quid
354 3010 440 3055 nuno
462 3011 523 3074 ego
546 2989 689 3056 faciem?
772 3009 776 3016 ·

699 3120 924 3208 Chrysalus

720 3229 800 3296 Iube
823 3231 867 3296 sis
890 3251 942 3295 me
965 3230 1092 3294 exsolui
1115 3231 1197 3308 eit03

242 3335 326 3400 Nam
348 3337 383 3400 ni
406 3357 466 3420 ego
489 3337 650 3418 exsoluor,
672 3339 738 3403 iam
759 3337 946 3404 manufesto
968 3337 1132 3403 hominem
1155 3341 1327 3423 opprimet.

675 3467 943 3534 Cleomachus

242 3571 334 3638 Nihil
357 3583 408 3639 est
428 3574 522 3654 lueri,
546 3575 636 3659 quod
657 3597 709 3642 me
731 3575 831 3642 hodie
853 3573 962 3641 facere
984 3576 1137 3642 mauelim

243 3678 351 3758 Quam
372 3681 464 3748 illum
488 3682 663 3750 cubantem
685 3703 760 3749 eum
783 3685 842 3750 issa
864 3685 1058 3768 opprimere,
1081 3685 1179 3750 ambo
1196 3697 1233 3752 ut
1250 3707 1367 3753 necem.

697 3811 774 3879 chr
806 3813 919 3880 salus

241 3919 361 4002 Audin,
383 3941 467 4004 quae
489 3921 658 4004 loquitur?
703 3836 799 4000 Quiny
810 3931 848 3988 tu
871 3944 922 3988 me
945 3923 1071 3991 exsolui
1093 3924 1210 3991 iubes?
1319 3941 1368 3995 856

696 4052 923 4120 Nicobulus

242 4156 414 4225 Exsoluite
435 4159 545 4224 istum.
591 4160 688 4240 Perii,
711 4163 866 4244 pertimui
888 4163 996 4227 miser.

310 4389 362 4442 846
379 4405 451 4457 quae
469 4407 534 4446 eum
552 4392 586 4460 B,
606 4407 661 4461 que
679 4408 743 4447 eum
763 4392 786 4452 0
797 4425 801 4435 .
850 4396 900 4449 851
921 4395 974 4450 siet
