2960 5012
83 536 146 607 11‚2‚
154 539 260 594 ol-oa
551 534 714 592 Bacchides.

505 725 763 794 Pistoclerus

351 833 464 914 Immo,
488 831 647 920 Chrysalo
668 869 711 882 -

529 963 750 1048 Chrysalus

747 1072 855 1140 Hem?

504 1203 755 1270 Pistoclerus

874 1312 948 1378 Non
970 1311 1136 1378 tantulum

79 1420 233 1504 Umquam
255 1421 444 1500 intermittit
464 1425 607 1506 tempus,
632 1423 712 1506 quin
735 1442 809 1486 eum
831 1421 987 1486 nominet.

520 1562 743 1648 Chrysalus

77 1673 172 1740 Tanto
195 1669 308 1738 hercle
330 1671 455 1738 melior.

506 1801 760 1869 Pistoclerus

481 1910 583 1976 Immo
606 1945 649 1956 -

521 2041 742 2127 Chrysalus

696 2149 799 2215 Immo
821 2149 931 2215 hercle
954 2149 1069 2216 abiero

76 2257 195 2325 Potius.

502 2365 762 2432 Pistoclerus

230 2475 318 2542 Num
339 2476 463 2541 inuitus
484 2497 554 2540 rem
577 2475 659 2540 bene
682 2482 810 2558 gestam
834 2474 930 2540 audis
953 2475 1022 2540 eri?

527 2604 747 2692 Chrysalus

73 2719 141 2784 Non
163 2739 227 2799 res,
250 2716 309 2782 aed
332 2723 426 2781 actor
448 2713 528 2780 mihi
550 2736 606 2780 cor
629 2715 705 2781 odio
728 2715 867 2780 sauciat.
1146 2731 1198 2785 210

73 2826 179 2891 Etiam
189 2825 372 2910 Epidicum,
384 2839 494 2906 ¹quam
513 2844 572 2906 ego
590 2822 737 2888 fabulam
754 2844 858 2905 aequo
876 2845 914 2888 ac
931 2824 1101 2908 meipsum
1114 2845 1198 2904 amo,

75 2934 204 2999 Nullam
225 2953 331 3015 aeque
352 2933 476 2998 inuitus
500 2938 623 3016 specto,
647 2933 675 2996 si
699 2932 768 3015 agit
788 2929 901 2996 Pelli0.

76 3040 138 3106 Sed
160 3040 300 3106 Bacchis
323 3042 423 3106 etiam
444 3038 539 3106 fortis
562 3041 624 3105 tibi
646 3039 773 3105 uisast?

502 3171 765 3236 Pistoclerus

832 3278 964 3361 Rogas?
1080 3277 1083 3286 '

73 3387 112 3454 Ni
135 3396 274 3455 conaus
297 3387 461 3454 Uenerem
483 3409 599 3468 casem,
621 3387 707 3454 hanc
729 3387 888 3452 Iunonem
911 3385 1063 3453 dicerem.

522 3519 599 3584 Chr
634 3519 748 3585 salus

74 3627 206 3712 Edepol,
228 3627 441 3708 Mnesiloche,
465 3635 501 3693 ut
522 3541 699 3694 hanoyrem
720 3634 834 3692 natam
856 3647 929 3692 esse
951 3625 1116 3710 intellego,
1149 3643 1199 3696 215

77 3733 170 3813 Quod
191 3757 290 3818 ames,
312 3743 506 3822 paratumst,
530 3737 618 3820 quod
643 3737 709 3816 des,
733 3738 904 3800 inuentoot
926 3756 1019 3819 opus.

75 3842 160 3908 Nam
181 3846 255 3911 istic
277 3843 419 3911 fortasse
442 3851 558 3910 aurost
581 3865 673 3928 opus.

500 3975 766 4041 Pistoclerus

731 4083 903 4169 Philippeo
927 4082 1069 4167 quidem.

147 4339 193 4392 206
211 4339 335 4395 Chriaalo
350 4339 417 4396 ham
433 4357 491 4395 non
574 4341 626 4394 208
642 4339 744 4394 melior
761 4339 859 4393 bachio
955 4339 1005 4392 209
1024 4341 1054 4392 at
1072 4338 1151 4391 audie
1169 4337 1197 4390 B
1246 4337 1249 4342 '

77 4423 130 4476 210
147 4423 207 4481 lion
224 4443 289 4482 erue
307 4426 356 4481 aad
449 4429 501 4481 217
518 4426 591 4480 istoc
609 4425 729 4480 lortaaao
747 4442 845 4479 aurum
863 4427 907 4480 eat
