2960 5012
538 486 699 544 Bacchides.

502 676 676 742 Bacchis
699 675 730 742 S.

671 804 867 865 cormeum,
890 807 962 870 spes
984 809 1066 870 mea,

68 893 126 958 Mel
145 915 260 974 meum,
284 893 469 973 suarnitndo,
493 893 594 974 cibus,
616 892 780 976 gaudium.
1143 914 1177 966 κο

68 1107 134 1191 Sine
155 1117 188 1174 te
211 1130 326 1174 amem.

68 1323 184 1406 Uincla,
206 1327 330 1410 uirgae,
353 1325 468 1406 molae,
491 1323 664 1390 saeuitudo
687 1322 775 1388 mala

66 1431 113 1497 Fit
133 1435 223 1516 peior

67 1647 242 1728 Latronem,
266 1670 359 1714 suam
381 1651 437 1731 qui
459 1669 540 1714 auro
561 1647 665 1713 uitam
687 1647 847 1713 uenditat.

499 1863 676 1931 Bacchis
698 1865 736 1930 A.

69 1970 135 2037 Scio
159 1973 309 2055 spiritum
331 1973 403 2038 eius
426 1973 582 2038 maiorem
606 1992 676 2038 esse
699 1971 812 2050 multo,

67 2079 164 2156 Quam
185 2078 278 2144 folles
301 2080 426 2144 taurini
448 2079 599 2160 halitant,
623 2100 721 2163 quom
743 2079 928 2162 liquescunt

67 2185 184 2266 Petrae,
206 2185 329 2254 ferrum
351 2188 409 2252 ubi
431 2187 477 2252 fit.
524 2186 588 2253 Sed
609 2189 751 2270 quoiatis
774 2193 823 2251 est
844 2189 893 2252 is?

501 2295 680 2362 Bacchis
705 2294 736 2360 S.

68 2401 307 2470 Praenestinum
329 2405 426 2488 opin'o
450 2424 529 2482 esse,
552 2403 601 2468 ita
623 2409 694 2468 erat
716 2403 887 2486 gloriosus.

192 2667 289 2680 -..-.-¹

111 2753 182 2806 illam
208 2771 302 2808 amare
324 2754 370 2808 uel
391 2755 580 2824 impatienter.
625 2753 692 2823 Ipse
710 2755 776 2809 alibi
794 2755 884 2822 (Cure.
903 2757 944 2822 3):
977 2753 1065 2824 Quem
1082 2755 1177 2812 Uenus

111 2837 271 2908 Cupidoque
296 2840 417 2909 imperat
439 2840 593 2908 suadetque
610 2841 704 2894 Amor.
749 2840 857 2895 Nonius
869 2858 898 2909 p.
918 2844 988 2896 421:
1023 2841 1131 2912 Cupido
1150 2845 1179 2897 et

112 2941 187 2978 amor
204 2925 279 2980 idem
303 2925 461 2996 significare
484 2925 628 2992 uidentur,
654 2925 702 2980 sed
727 2931 770 2979 est
794 2925 956 2995 diuersitas;
982 2927 1084 2997 cupido
1103 2927 1178 2982 enim

110 3010 320 3065 inconsideratae
339 3015 383 3065 est
399 3011 586 3080 necessitatis,
607 3029 686 3066 amor
703 3010 806 3065 iudicii.
842 3009 959 3066 Plautus
978 3012 1176 3067 Bacchidibus:

110 3093 233 3164 Cupidon
251 3101 344 3150 tecum
362 3097 436 3152 senis
454 3114 526 3152 anne
544 3097 643 3150 amor?

67 3180 94 3231 19
109 3197 143 3249 sq.
162 3181 273 3236 Nonius
290 3198 321 3250 p.
340 3185 409 3236 173:
436 3181 591 3236 Suauitudo
610 3197 662 3250 pro
681 3181 812 3236 suauitas.
844 3181 959 3236 Plautus
976 3181 1176 3238 Bacchidibus:

112 3283 276 3335 cormeum,
297 3283 360 3335 spes
377 3285 448 3334 mea,
465 3269 520 3321 mel
537 3285 640 3334 meum,
661 3267 820 3334 suauitud0,
842 3267 929 3332 cibus,
948 3267 1089 3338 gandium.

66 3349 94 3400 21
111 3350 235 3407 Deeratne
257 3355 289 3406 in
306 3351 367 3406 Ter.
386 3353 459 3407 Ειινι
481 3356 513 3422 4,
538 3357 570 3422 2,
593 3355 641 3406 13.·
676 3353 778 3406 Amare
801 3351 885 3428 modo
907 3351 962 3406 frui
984 3369 1078 3408 amore
1101 3353 1175 3408 dicit.

114 3435 222 3492 Plautus
239 3438 270 3492 in
288 3437 474 3492 Bacchidibus
497 3439 535 3506 (v.
553 3439 611 3504 98);
647 3437 728 3492 Prius
751 3437 797 3490 hic
819 3437 905 3492 adero
929 3455 1011 3508 quam
1036 3445 1066 3494 te
1084 3454 1177 3493 amare

111 3522 233 3577 desinam
251 3529 280 3578 et
297 3525 362 3579 Sine
380 3529 408 3578 te
428 3539 526 3579 amem.

68 3605 407 3677 aaeq.Nonecep.1na:
447 3607 590 3664 Saeuitudo
611 3625 663 3678 pro
688 3607 804 3663 saeuitia.
848 3607 960 3664 Plautus
979 3609 1176 3664 Bacchidibus:

110 3689 204 3748 Uincla
222 3691 291 3749 etc.“

68 3774 98 3826 24
112 3775 219 3834 amec
243 3770 281 3833 c'd
301 3777 372 3834 AEn
391 3778 465 3846 XII,
485 3783 516 3832 7.·
549 3777 688 3833 Latrones
706 3783 845 3834 uocantur
863 3779 997 3834 conducti
1013 3781 1116 3834 milites

110 3861 219 3918 Plautus
237 3904 244 3916 .
261 3905 267 3916 .
284 3907 289 3916 .
309 3863 383 3919 idem
407 3865 437 3918 in
454 3863 640 3918 Bacchidibus
664 3869 811 3918 exsecutus
830 3869 881 3932 est,
907 3865 1022 3919 militem
1039 3866 1177 3920 latronem

112 3945 211 4016 dicens,
232 3965 310 4002 suam
329 3949 377 4017 qui
396 3965 462 4003 auro
481 3950 567 4004 uitam
585 3950 721 4006 uenditat.

68 4028 157 4086 25-28
174 4035 315 4089 Raram
330 4035 430 4104 fropm.
450 4035 482 4090 de
494 4037 658 4103 prooemiare
675 4034 853 4102 (MusRhen
867 4033 892 4104 1,
911 4052 939 4104 p.
957 4033 1034 4099 316):
1063 4033 1176 4088 Plautus

110 4116 150 4173 hic
171 4120 258 4187 cuias,
280 4119 363 4174 huius
386 4121 487 4176 cuiatis
509 4121 661 4175 declinanit
678 4122 708 4174 in
726 4119 924 4174 Bacchidibus:
963 4119 1027 4173 Scio
1046 4118 1177 4187 spiritum

112 4202 164 4255 eius
195 4204 329 4258 maiorem
351 4223 411 4260 esse
433 4207 535 4272 multe,
564 4223 646 4274 quam
673 4205 754 4260 folles
782 4205 885 4259 taurini
911 4205 1042 4258 habeant.
1097 4202 1173 4256 Phil·

111 4291 233 4357 oryyriua
255 4290 293 4344 ad
325 4290 401 4358 Vere.
426 4289 523 4360 Geory.
541 4291 599 4360 IV,
627 4295 692 4346 171:
736 4289 864 4344 Taminis
887 4289 1008 4344 follibus.
1043 4287 1173 4342 Plautus:

112 4385 189 4439 quam
205 4372 284 4430 folles
300 4375 405 4430 taurini
421 4375 541 4445 habent,
564 4393 628 4430 curn
651 4377 810 4446 liquescunt
825 4381 927 4446 petrae,
944 4375 1049 4429 ferrum
1067 4373 1117 4426 ubi
1133 4371 1175 4427 fit.
