2932 5010
559 513 591 568 v.
609 515 735 568 90—107.
1149 521 1214 582 353

87 717 138 768 est.
172 709 337 768 Abiioiatur
359 711 452 784 igitur
475 709 711 768 additamentum
730 709 838 769 Plauto
860 709 1022 787 indignum.
1059 709 1209 789 Ladewig.

86 816 115 871 in
137 812 246 871 Philol.
268 811 367 884 XVII,
401 831 431 888 p.
455 812 517 872 268
547 813 584 871 ed
614 812 798 890 deperditam
827 814 954 889 aliquam
979 833 1096 872 scenam
1118 817 1212 890 perti·

87 917 184 974 nuisse
216 917 341 974 censuit.
375 944 418 954 -
454 917 523 974 106.
559 911 655 976 lotum
683 936 739 976 em.
762 916 884 976 Becker.
916 917 952 974 de
982 918 1101 976 comicis
1123 917 1208 976 Rom.

86 1018 191 1076 labulis
215 1037 244 1095 p.
270 1019 298 1076 8.
343 1017 479 1092 Seyffert.
504 1020 534 1076 in
557 1018 664 1078 Philol.
688 1019 783 1092 XXX,
807 1041 837 1097 p.
863 1022 879 1079 3
903 1022 1059 1097 proposuit
1086 1023 1135 1092 „in
1156 1039 1211 1098 py-

86 1118 192 1194 elum“‚
217 1121 284 1180 coll.
308 1120 398 1180 Stich.
424 1123 494 1180 568.
518 1151 560 1162 -
589 1121 624 1180 ut
642 1118 737 1204 ¹cedes
760 1117 995 1194 lassitudinem,
1030 1123 1065 1180 cf.
1090 1121 1211 1180 Trucul.

87 1227 159 1282 327:
188 1223 284 1296 „Mihi
307 1243 426 1300 quoque
448 1243 520 1300 prae
544 1223 722 1283 lassitudine
745 1244 819 1300 opus
843 1230 888 1283 est
909 1221 1038 1282 lanem“.

170 1329 242 1386 107.
265 1325 449 1385 Pistoclerus
470 1325 550 1385 redit
572 1347 590 1384 a
611 1327 736 1386 macello
762 1334 792 1385 ct
809 1327 884 1400 foro,
908 1345 967 1404 quo
984 1345 1080 1404 nuper
1097 1326 1213 1386 abierat

88 1428 124 1502 (v.
149 1427 216 1502 98).
277 1429 456 1488 Ritschelius
480 1425 524 1502 (in
546 1429 623 1489 Mus.
647 1429 740 1488 Rhsn.
764 1429 814 1502 1v,
846 1426 919 1503 599)
949 1449 1015 1488 eum
1042 1435 1105 1488 tum
1127 1429 1213 1488 brevi

85 1539 220 1610 tempore
244 1535 371 1608 opsonia
393 1551 491 1590 emere
513 1533 646 1608 potuisse
669 1533 793 1591 miratus
815 1533 872 1591 hoc
894 1532 960 1591 loco
982 1551 1093 1590 novum
1112 1538 1212 1590 ectum

85 1637 188 1712 incipit
212 1641 243 1693 et
264 1653 316 1692 sex
338 1634 426 1692 huius
448 1635 556 1692 labne
580 1639 663 1694 aetus
690 1635 782 1694 fnisse
812 1635 950 1694 affirmat.
1007 1633 1092 1706 Quod
1120 1654 1210 1710 quam

85 1738 168 1796 nihili
190 1740 248 1810 sit,
282 1739 313 1794 iu
336 1737 554 1814 prolegomenis
576 1755 604 1813 p.
632 1737 776 1796 164-69
800 1738 1039 1796 monstravimus.
1085 1737 1211 1812 Antiqui

85 1841 155 1899 talia
187 1859 250 1898 non
290 1842 406 1900 curiose
446 1839 633 1898 rimabuntur
672 1859 726 1899 nec
765 1845 796 1900 iu
836 1839 889 1898 illa
921 1859 953 1897 re
986 1839 1050 1897 veri
1078 1841 1210 1916 'speciem

87 1942 275 2002 affectabant.
336 1941 472 2020 Persaepe
500 1944 589 2017 pauci
612 1963 715 2001 versus
744 1947 774 2002 in
808 1962 895 2001 scena
927 1943 1103 2015 recitantur,
1139 1941 1211 2000 dum

87 2053 166 2104 extra
189 2065 309 2104 scenam
332 2065 368 2104 ea
390 2044 481 2116 liunt,
517 2063 581 2120 qne
606 2051 741 2104 scemate
771 2053 875 2104 exucta
901 2050 1070 2122 temporum
1091 2047 1213 2102 ratione

87 2150 214 2224 spatium
244 2148 339 2206 multo
367 2150 462 2207 maius
490 2148 694 2224 postularent,
718 2167 772 2206 nec
796 2167 831 2206 ea
853 2147 890 2206 de
913 2166 1002 2206 cause
1024 2151 1212 2225 spectatores

86 2253 193 2309 morari
212 2253 342 2309 sustinet
362 2257 462 2327 poeta.
497 2249 676 2308 Ritsohelius
699 2251 763 2326 ipss
786 2269 821 2307 ex
843 2250 897 2307 hec
920 2249 1022 2308 fabula
1044 2249 1209 2325 exemplum

88 2355 185 2412 attulit
207 2373 268 2412 vss.
294 2355 455 2425 eet-813
479 2353 604 2410 alterum
627 2351 698 2410 addi
720 2357 828 2428 potest,
852 2373 910 2410 vsa.
934 2353 1092 2412 908-19.
1143 2352 1212 2410 Alia

87 2458 235 2532 permulta
264 2458 465 2528 inveniantur,
488 2455 583 2513 ‘velut
611 2457 641 2514 in
670 2455 1022 2528 Heautontimorumeno,
1058 2473 1146 2532 quem
1175 2475 1211 2512 ex

89 2558 189 2616 eodem
218 2557 386 2618 Menandro
414 2558 570 2616 Terentius
598 2559 698 2616 vertit.
754 2557 799 2615 lbi
833 2557 903 2616 dum
930 2577 1032 2616 versus
1064 2559 1207 2617 559—61

90 2667 229 2737 aguntur,
266 2660 403 2720 Chremes
431 2663 462 2718 in
492 2659 568 2718 mdes
597 2661 692 2720 intret
719 2665 749 2718 et
777 2659 983 2719 animadversa
1011 2659 1133 2718 lascivia
1155 2659 1210 2718 filii

90 2783 148 2820 cum
161 2784 196 2823 eo
216 2763 286 2821 iude
304 2763 471 2840 egreditnr3
495 2763 587 2838 poulo
604 2769 673 2838 post
684 2763 759 2839 Syro
770 2764 908 2822 undecim
920 2782 1023 2820 versus
1037 2758 1214 2836 (ees—78)

87 2868 299 2941 pronuntiante
317 2865 378 2924 filia
395 2865 603 2942 aparentibus
624 2870 812 2940 agnoscitur;
831 2866 901 2924 dum
919 2864 1059 2923 Chremes
1078 2867 1210 2942 quinqua

89 2987 186 3027 versus
216 2974 248 3025 et
271 2968 425 3028 dimidium
450 2965 623 3040 (ele-54)
652 2970 842 3044 pronuntiat,
878 2966 958 3026 filius
988 2987 1005 3025 a
1033 2967 1212 3025 Menedemo

89 3075 231 3148 comperit
253 3077 368 3148 petrem
392 3090 477 3128 suum
502 3073 656 3131 consilium
680 3073 792 3148 cepisse
815 3069 997 3142 inauditum,
1028 3075 1063 3127 ut
1092 3087 1208 3127 omnem

88 3191 145 3230 rem
168 3173 345 3232 familiarem
367 3171 436 3230 filies
465 3173 528 3231 doti
559 3175 681 3232 diceret.
704 3203 747 3213 -
768 3173 950 3230 Pistoclerus
974 3175 1073 3229 autern
1096 3171 1212 3229 incedit

88 3275 298 3334 comitantibus
320 3277 413 3334 serris
436 3277 562 3352 opsonia
584 3275 774 3352 portantibus
797 3275 976 3351 coquisque,
1007 3293 1035 3332 v.
1062 3275 1132 3332 112.
1158 3275 1208 3332 94.

89 3373 185 3451 Lydus
206 3378 389 3455 pedagogus
414 3380 493 3448 eius,
529 3377 600 3455 quid
630 3380 701 3436 novi
729 3378 865 3435 elnmuus
893 3374 1057 3444 moliatur,
1085 3376 1211 3434 miratus

89 3497 150 3538 eum
168 3500 224 3557 per
242 3481 363 3557 aliquod
381 3487 499 3557 tempus
517 3479 695 3552 observarit,
721 3487 753 3538 et
768 3481 888 3538 domum
905 3499 997 3551 snam,
1022 3483 1056 3536 ut
1072 3478 1207 3555 putabat,

89 3581 259 3642 redeuntem
280 3585 371 3642 tacite
399 3587 518 3642 secutus
547 3589 601 3641 est.
646 3583 703 3642 Sed
727 3601 820 3658 quum,
840 3583 974 3659 paternis
997 3580 1110 3638 oedibus
1133 3600 1208 3658 prae·

89 3685 183 3743 teritis
199 3686 281 3743 ultra
297 3691 413 3763 pergat,
433 3685 677 3759 indignabundus
694 3703 759 3744 eum
779 3685 943 3760 alloquitur
961 3687 999 3757 et,
1020 3703 1078 3760 quo
1095 3683 1208 3754 tendet,

89 3785 261 3862 interroget.
311 3787 346 3845 In
369 3788 423 3846 lrsc
446 3807 533 3846 scens
555 3788 661 3846 festive
683 3789 848 3865 pinguntur
870 3805 968 3844 mores
990 3789 1053 3844 tam
1074 3787 1208 3862 magistri

90 3892 178 3946 severi
208 3895 238 3948 et
266 3891 382 3966 antiqui
411 3909 499 3966 quarn
527 3890 726 3948 adulescentis
749 3890 877 3946 amentis
901 3895 931 3946 et
953 3887 1066 3947 hilaris.
1111 3887 1211 3946 Prave

91 3996 241 4065 argutatur
263 3991 501 4050 Schneidewinus
530 3994 562 4050 in
584 3991 663 4051 Mus.
686 3992 782 4050 Rhen.
805 3991 848 4064 II,
873 4012 902 4068 p.
927 3993 988 4048 416
1012 4009 1075 4065 sqq.
1103 3989 1210 4061 „huius

91 4107 178 4151 seeum
200 4089 294 4152 sales“
322 4094 473 4152 affirmans
499 4101 664 4172 ,perpetua
683 4093 810 4170 quadam
830 4095 1073 4168 gravissimarum
1092 4097 1210 4150 senten·

91 4191 192 4253 tiarum
216 4197 342 4272 παρῳὸἰᾳ
365 4199 520 4270 contineri,
545 4202 576 4254 at
593 4196 787 4254 Pistoclerum
811 4193 958 4274 quidquid
980 4213 998 4252 a
1019 4194 1104 4270 Lydo
1127 4195 1210 4252 litte·

92 4309 185 4354 rarum
209 4298 348 4357 didicerit
374 4304 405 4358 et
423 4319 605 4376 quaecunque
624 4301 694 4355 vitae
713 4303 862 4376 praecepta
879 4298 1036 4374 acceperit,
1059 4297 1090 4353 in
1109 4297 1210 4372 ipsum
