2922 5006
775 475 867 532 Plauti

581 783 817 852 PARASITUS
841 785 1067 854 GURCULIO.

263 973 442 1056 Antiquom
464 981 598 1060 poetam
620 973 735 1040 audiui
757 975 985 1059 scripsissem
1006 973 1188 1058 tragoedia,

172 1069 173 1072 ¹
263 1081 417 1148 Mulieres
441 1081 523 1174 duas
545 1083 674 1168 peiores
698 1103 771 1150 esse
795 1103 892 1165 quam
914 1104 1022 1174 unam.
1066 1083 1131 1148 Res
1154 1084 1248 1163 itast;

262 1191 387 1258 Uerum
408 1191 577 1258 mulierem
599 1191 758 1276 peiorem,
787 1211 886 1274 quam
916 1191 996 1257 haec
1019 1192 1158 1257 amicast
1178 1189 1364 1267 Phaedromi,

263 1299 337 1365 Non
360 1299 429 1365 uidi
450 1320 557 1384 neque
580 1298 702 1379 audiui,
727 1285 833 1384 neque
856 1299 912 1384 pol
935 1299 1082 1366 dicineo
1105 1298 1184 1384 fingi
1207 1305 1314 1384 potest

261 1407 367 1489 Peior,
390 1428 488 1492 quam
509 1407 592 1474 haeo
614 1413 673 1487 est,
696 1427 790 1492 quae,
814 1406 872 1472 ubi
893 1429 944 1473 me
966 1405 1088 1473 habere
1110 1406 1197 1472 huno
1220 1407 1366 1491 conspira-
1430 1406 1435 1415 '

1435 1447 1438 1498 t

979 1521 1046 1581 test
1069 1515 1214 1593 anulum,
1327 1527 1365 1581 oto
1433 1538 1436 1555 ¹

262 1625 378 1708 Rogat,
400 1623 486 1690 unde
507 1623 658 1690 habeam.
706 1622 812 1704 „Quid
833 1623 868 1689 id
889 1630 926 1689 tu
950 1623 1119 1707 quaeris?“
1179 1621 1282 1702 „Quia
1302 1617 1364 1687 mihi

980 1732 1164 1816 quaesitost
1187 1729 1296 1814 opue.“

264 1839 356 1926 Nego
368 1863 419 1907 me
432 1839 549 1907 dicere.
585 1838 629 1906 Ut
646 1860 720 1906 eum
733 1841 883 1924 eriperet,
907 1860 1038 1906 manum
1056 1840 1196 1925 arripuit
1207 1837 1364 1916 mordicum

263 1946 327 2013 Uir
361 1947 451 2015 sorae
478 1970 531 2015 me
561 1947 692 2033 abripui
722 1953 821 2030 atque
850 1947 964 2032 eofugi.
1025 1949 1137 2033 Apage
1165 1948 1269 2013 istanc
1294 1944 1364 2011 caui·

981 2055 1096 2122 culam.

294 2442 548 2511 PLANESIUM.
594 2441 896 2510 PHAEDROMUS.
942 2440 1170 2510 OURGULIO.
1216 2438 1342 2508 MILES.

709 2641 945 2709 Planesium

262 2750 543 2832 Phaedromum,
567 2771 717 2836 propera.

687 2871 961 2961 Phaedromus

686 3001 772 3080 Quid
796 3003 992 3086 properem?

570 3227 574 3234 .
709 3161 940 3227 Planesium
990 3161 991 3164 ’

956 3267 1142 3335 Parasitum
1164 3289 1204 3334 ne
1225 3263 1364 3333 amiseris.

262 3377 383 3464 Magna
404 3399 457 3444 ree
480 3384 539 3444 est.
582 3333 587 3341 ’

685 3505 966 3575 Phaedromus

330 3613 463 3682 Nullast
484 3615 579 3698 mihi;
601 3637 687 3697 nam,
711 3637 810 3700 quam
832 3617 941 3698 habui,
965 3616 1133 3703 absumpsi
1156 3612 1308 3684 celeriter.
1323 3623 1366 3679 ooo

706 3780 941 3849 Planesium

265 3889 382 3957 Teneo.

688 4021 965 4088 Phaedromus

407 4125 495 4206 Quid
515 4130 680 4212 negotist?

331 4361 381 4415 ⁵95
398 4360 464 4416 med
481 4361 555 4416 huno
572 4321 677 4417 habere
747 4363 797 4418 598
816 4361 923 4432 arripui
993 4363 1043 4418 599
1059 4363 1098 4419 mi
1116 4377 1166 4417 ons
