2956 5010
548 537 580 591 v.
599 539 742 593 111-111.
1148 548 1209 608 499

81 754 146 812 proe
180 737 288 794 timore
321 736 437 794 saliens.
506 733 517 794 i
551 731 719 794 dierectum
752 734 930 804 Gulielmus,
970 757 996 795 v.
1032 737 1070 794 sd
1103 737 1210 797 Bacch.

85 841 156 896 577.
184 867 221 877 -
248 839 317 896 631.
342 831 518 910 subsuitur,
542 839 688 916 palpitas,
712 837 860 912 trepidae,
885 839 921 897 cf.
946 838 1011 897 Cas.
1036 841 1107 898 410.
1154 839 1211 898 Cor

81 941 172 998 salire
195 941 284 1016 vulgo
309 940 426 1012 dicitur,
450 961 478 998 v.
502 939 574 998 Cist.
601 941 670 998 381.
722 939 818 997 Oasin.
844 942 914 998 391.
941 942 1017 999 338:
1043 942 1209 1015 „corculum

81 1043 260 1100 adsultascit
291 1046 350 1100 iarn
385 1062 420 1099 ex
448 1037 559 1100 metu“.
605 1043 641 1100 cl.
665 1042 765 1100 Aulul.
791 1043 862 1100 618.
922 1043 1054 1118 AEschyl.
1079 1043 1207 1122 Ohoeph.

84 1146 161 1203 167:
187 1144 306 1220 ὀρχεῖται
329 1145 425 1220 καρδία
447 1145 530 1219 φόβῳ.
576 1144 781 1202 Anaxandrid.
805 1165 853 1221 up.
875 1145 984 1204 Athen.
1008 1145 1071 1218 XV,
1097 1147 1157 1204 688
1181 1147 1210 1204 b.

81 1240 102 1304 ὦ
130 1250 237 1323 πονηρὰ
267 1247 378 1322 καρδία,
406 1247 628 1320 Ἐπιχαιρίκακοκ
657 1247 692 1312 ὡς
719 1243 744 1303 sl
768 1249 852 1320 μόνον
878 1249 926 1306 roi
955 1250 1076 1322 σώματος
1099 1273 1104 1283 ·
1126 1249 1211 1324 'Oppii

78 1353 136 1427 γὰρ
159 1350 254 1417 εὐθὺς,
277 1352 307 1419 ἣν
324 1351 381 1420 ἧς
398 1349 543 1406 δεδοικότα.
577 1349 663 1407 Plato
684 1357 714 1408 et
725 1349 904 1408 Plutarchus
927 1352 1016 1422 πηδᾶν
1034 1353 1080 1421 τὴν
1099 1352 1211 1428 καρδίαν

81 1453 196 1511 dicunt.
228 1483 264 1492 -
300 1454 370 1511 639,
406 1447 611 1526 ecquisnam,
643 1453 840 1530 exploratum.
863 1483 905 1493 -
936 1456 1006 1513 633.
1044 1451 1212 1513 1111311113

80 1571 187 1632 quum,
211 1556 332 1632 proprie
356 1553 513 1612 dicendum
537 1561 601 1612 erat
627 1575 732 1632 „quem
756 1556 835 1630 quod
853 1554 1067 1614 maxime“.-
1087 1558 1147 1615 635
1167 1577 1210 1634 sq.

79 1659 147 1716 Hos
170 1678 273 1716 versus
292 1658 371 1715 Brix.
390 1664 461 1734 post
482 1658 540 1716 639
561 1660 671 1733 posuit,
695 1664 725 1714 et
747 1657 803 1716 hoc
826 1658 946 1735 quidem
970 1660 1035 1716 loco
1057 1659 1129 1716 ferri
1151 1679 1211 1718 non

78 1767 236 1838 possunt„
253 1780 306 1818 nec
330 1753 410 1819 Tum
432 1763 595 1818 orationem
619 1761 790 1832 continuat,
814 1761 867 1818 scd
889 1780 1063 1838 responsum
1087 1763 1209 1838 incipit;

79 1863 135 1922 sed
159 1882 198 1920 ne
221 1863 274 1920 illo
305 1863 424 1940 quidem
453 1862 517 1920 loco
541 1867 698 1940 quisquam
721 1861 904 1920 desiderabit
925 1883 1029 1922 versus
1052 1883 1122 1921 vere
1145 1863 1210 1921 bur·

77 1967 182 2024 baros.
217 1965 409 2025 oerumuutus
421 1967 497 2023 enirn
509 1985 568 2024 non
580 1971 626 2024 est
638 1965 793 2038 Latinum
812 1965 941 2024 Turncb.
958 1962 1207 2038 „deruncinctus“

77 2068 219 2144 reposuit
247 2088 281 2124 ex
310 2067 376 2126 Mil.
410 2069 507 2139 1135,
541 2070 561 2126 i.
591 2088 616 2126 e.
644 2068 769 2126 runcino
803 2065 875 2145 (quc
904 2069 987 2143 ligne
1020 2065 1210 2142 levigantur)

77 2171 248 2228 mutilatus.
294 2165 475 2230 deartuatus
502 2191 529 2230 v.
562 2171 633 2229 666.
679 2166 818 2230 ductaret
847 2166 928 2230 dotis
959 2171 1090 2230 11749.
1136 2170 1213 2228 Mihi

74 2281 212 2349 uterque
239 2292 343 2330 versus
371 2274 490 2348 spurius
520 2273 648 2331 videtur.
681 2303 718 2312 -
755 2275 826 2332 637.
859 2269 934 2332 uide
963 2269 1026 2346 82'8,
1060 2293 1098 2330 ne
1129 2292 1212 2332 error

75 2382 185 2434 temen
208 2375 316 2452 aliquis
338 2374 451 2447 subsit;
479 2375 516 2434 cf.
541 2377 611 2434 877.
658 2375 746 2434 Poen.
772 2377 843 2434 289.
868 2407 909 2415 —
933 2379 1005 2435 638.
1033 2369 1118 2451 Quiri
1140 2380 1210 2433 cett.

75 2476 168 2536 codd.
203 2473 305 2553 1111911
328 2473 450 2550 sertim,
473 2498 501 2536 v.
520 2477 557 2535 sd
576 2478 683 2554 Amph.
703 2480 773 2537 297.
793 2508 835 2519 -
854 2480 925 2538 641.
949 2478 978 2538 et
998 2497 1102 2536 versus
1125 2498 1213 2536 cause

75 2581 225 2639 deletum.
271 2578 389 2638 Similes
412 2579 628 2658 descriptiones
650 2580 699 2638 Br.
724 2586 878 2658 comperet
899 2581 982 2640 Asin.
1008 2583 1079 2640 397.
1120 2580 1210 2640 Mero.

77 2685 155 2742 630.
207 2681 314 2741 Pseud.
347 2684 437 2742 1214.
492 2683 583 2741 Poen.
617 2685 708 2742 1115.
738 2713 782 2722 -
815 2683 886 2743 642.
922 2678 1081 2758 Subrutus
1115 2683 1211 2754 codd,

79 2781 285 2858 „Subrutusffl
318 2785 378 2857 Fi,
413 2805 471 2843 non
499 2804 583 2862 opus.
639 2785 686 2844 Ad
709 2785 832 2862 phrasin
861 2787 898 2844 cs.
921 2787 988 2845 Ter.
1012 2785 1107 2845 Andr.
1131 2786 1211 2843 447:

79 2887 260 2962 „subtristis
282 2883 500 2965 aliquantum“.
528 2919 571 2928 -
600 2889 670 2946 643.
708 2879 752 2948 Ut
781 2883 912 2964 quidem.
961 2887 1018 2960 „Ei
1041 2893 1105 2945 tem
1128 2907 1212 2945 accu-

75 2999 149 3050 retc
163 2989 284 3066 quidem
296 2994 443 3064 convenit,
462 2997 497 3048 ut
515 3009 570 3065 ego
589 3010 655 3048 cum
673 3009 787 3048 summo
807 2991 886 3047 mclo
903 2989 960 3047 huc
977 2985 1212 3066 processerim“;

75 3095 116 3154 cs.
136 3093 203 3152 Cas.
220 3093 298 3150 277:
325 3093 419 3165 „Mihi
442 3095 580 3170 optinget
602 3112 675 3150 sors.
711 3092 771 3150 LY.
797 3092 838 3152 Ut
860 3092 978 3168 quidem
1001 3092 1054 3168 pol
1076 3090 1212 3169 pereus“.

76 3199 121 3255 ib.
150 3196 223 3254 366.
268 3195 348 3254 Trin.
373 3197 451 3254 429:
479 3195 630 3268 „Factum
666 3194 719 3253 ST.
744 3194 787 3254 Ut
817 3189 938 3271 quidem
961 3194 1035 3252 illud
1056 3193 1212 3272 perierit“.

76 3330 118 3340 -
143 3293 367 3374 processerim.
413 3298 462 3355 Br.
487 3299 603 3357 confert
625 3298 692 3356 Ter.
714 3297 771 3356 Ad.
797 3299 872 3356 979:
911 3296 1018 3373 „Syru
1041 3299 1213 3374 processisti

76 3401 176 3461 hodie
199 3397 333 3476 pulcre“.
385 3399 429 3458 Pl.
452 3401 520 3458 Aul.
545 3402 616 3460 439.
644 3431 688 3440 -
722 3401 792 3459 644.
823 3399 868 3457 Ne
896 3401 928 3457 in
951 3400 1071 3457 miseric
1094 3399 1213 3476 quidem

78 3514 110 3564 et
138 3521 254 3561 summo
276 3503 382 3559 timore
411 3502 543 3560 abstinet
566 3524 583 3560 a
605 3504 723 3562 scurrili
747 3521 899 3561 servorum
921 3501 1064 3578 loquendi
1087 3503 1212 3561 ratione.
1285 3501 1287 3506 ’

75 3608 153 3666 Non
178 3625 220 3676 se,
244 3605 298 3662 sed
320 3607 418 3681 virgas
442 3606 563 3663 miseras
586 3606 669 3678 dicit,
694 3627 759 3683 quoe
782 3605 813 3663 in
836 3613 922 3678 tergo
945 3625 999 3663 suo
1022 3604 1211 3664 conficiendae

76 3713 159 3780 sint,
195 3727 223 3765 v.
252 3707 359 3784 Amph.
391 3705 488 3765 1022:
528 3707 691 3779 „ulmorum
726 3703 911 3766 Acheruns“.
972 3708 1045 3766 Mox
1079 3709 1215 3766 similiter

79 3817 206 3872 inversa
235 3812 350 3868 ratione
385 3829 415 3865 se
445 3809 596 3867 custodem
625 3811 799 3886 compedum
833 3811 920 3882 dicit,
955 3812 991 3869 ci.
1022 3811 1105 3868 Asin.
1136 3813 1213 3869 295:

81 3917 208 3985 „custos
227 3905 384 3969 carceris“.
397 3940 439 3950 -
460 3913 531 3970 647.
553 3906 654 3971 illisce
673 3912 793 3970 Mulier.
812 3912 1008 3986 etschmidi„
1032 3932 1116 3990 pron.
1137 3912 1212 3970 dem.

73 4038 110 4094 p.
141 4016 192 4073 69.
239 4006 349 4084 Satin,
374 4014 409 4071 cf.
435 4015 482 4071 ed.
506 4015 613 4089 Amph.
639 4015 710 4072 627.
736 4044 774 4054 -
806 4011 996 4090 capitio.
1022 4017 1213 4092 1111111111-
1332 4089 1336 4098 ι

68 4117 216 4196 pertint,
251 4115 353 4194 lepida
387 4117 527 4174 similium
563 4118 728 4194 appositio,
763 4123 798 4175 ut
826 4118 899 4176 Hor.
923 4118 979 4195 Ep.
1003 4117 1047 4190 Π,
1079 4117 1105 4191 1,
1139 4119 1213 4176 156:

80 4219 233 4292 „Graecia
255 4225 343 4294 capta
365 4219 460 4276 ferum
482 4220 627 4277 victorem
650 4220 760 4295 cepit“.
783 4251 825 4259 -
849 4221 920 4278 649.
945 4215 1122 4281 Nuculeum
1144 4239 1214 4278 nuc·

71 4325 176 4392 lcum,
202 4319 237 4378 cf.
262 4319 347 4380 Gurc.
373 4324 421 4380 55.
445 4349 486 4360 -·
506 4317 653 4398 pigrum,
677 4341 733 4398 pro
755 4323 896 4398 pignore,
919 4323 955 4381 cf.
981 4324 1052 4382 432.
1076 4353 1118 4362 —
1142 4325 1213 4382 650.

69 4437 215 4485 sursum
238 4437 375 4482 1101111111.
431 4423 566 4481 Fuerunt
588 4425 639 4500 qui
669 4425 942 4501 interpretarentur
970 4424 1024 4481 tro
1047 4427 1133 4493 κάτω,
1162 4425 1214 4484 sed

960 4537 1009 4590 32*
