2932 5010
587 493 616 546 V·
638 494 710 547 1-5.
1149 499 1209 561 373

87 695 180 747 torem
216 691 322 749 virum.
377 688 452 748 Nam
487 693 518 746 et
549 688 711 746 Menander
745 688 883 748 similiter
921 692 951 746 in
984 687 1211 766 Disoxapatonti

88 791 231 850 comoedia
254 794 314 850 ait:

584 893 760 970 βονληφόρως

285 1001 330 1070 τὴν
351 998 487 1074 ἡμετέραν,
510 989 531 1054 ὦ
551 999 649 1070 Δημέα,
672 997 868 1073 προκατέλαβες

286 1102 391 1176 ὅρασιν,

86 1205 104 1260 i.
138 1223 163 1262 e.
200 1204 370 1262 consiliarie
403 1209 554 1276 nostram,
592 1202 718 1275 Barnea,
760 1205 1005 1280 preoccupavisti
1037 1201 1210 1264 visionem“.

86 1305 267 1364 Ritsohelius
291 1303 380 1379 (Mus.
402 1306 496 1364 Rhen.
519 1305 570 1378 IV,
597 1307 655 1365 587
680 1303 749 1382 sq),
783 1304 924 1364 Demeam
946 1306 1124 1366 Nicobulum
1148 1327 1212 1366 esse

23 1421 24 1424 ’
86 1410 215 1484 potavit,
242 1408 444 1485 Chrysaloque
466 1408 518 1466 illa
540 1407 631 1466 verba
652 1408 778 1480 tribuit3
801 1427 856 1466 nos
880 1407 1019 1468 Bacchidi
1041 1407 1211 1468 tribuimus,
1280 1395 1281 1398 Ἴ

87 1510 183 1570 Dubia
206 1512 270 1570 haeo
294 1531 374 1582 esse,
405 1513 527 1568 minime
556 1531 711 1587 negamus3
742 1517 832 1587 atque
860 1513 973 1569 utinam
1002 1518 1086 1570 certa
1114 1514 1214 1589 potius

87 1635 173 1690 quam
196 1615 262 1672 veri
284 1615 393 1672 similia
415 1617 500 1692 sequi
523 1613 641 1672 liceret!
687 1613 744 1671 Sed
762 1616 901 1690 quoniam
920 1616 1047 1692 simplici
1066 1616 1213 1692 fragmen·

86 1723 184 1776 torum
209 1720 430 1775 enumeratione
457 1718 583 1776 lectores
610 1737 715 1794 parum
746 1721 900 1774 contentos
928 1718 992 1775 scre
1022 1717 1212 1790 arbitramur,

87 1839 138 1877 nos
167 1839 290 1896 quoque
318 1819 476 1877 ordinandi
509 1820 639 1896 aliquam
672 1821 819 1876 rationem
853 1821 1054 1891 instituimus,
1089 1822 1113 1877 si
1147 1822 1213 1896 quis

87 1923 241 1982 meliorem
264 1925 464 2000 proposuerit,
488 1922 616 1980 libenter
639 1924 758 1980 cessuri.

175 2233 202 2290 1.
241 2231 364 2290 Bacchis
387 2233 481 2289 servis
504 2232 647 2307 imperat,
682 2235 716 2288 ut
738 2230 817 2288 sedes
841 2230 967 2288 mundas
989 2230 1101 2288 faciant
1123 2235 1153 2287 et
1176 2230 1215 2287 ad

87 2333 225 2410 hospites
248 2333 437 2410 accipiendos
460 2338 591 2410 paratas.
637 2333 713 2391 Huic
731 2335 812 2392 u—3
836 2325 896 2391 tam
920 2333 1025 2392 similis
1047 2334 1215 2409 argumenti

88 2443 170 2510 sunt,
206 2441 243 2494 ut
271 2457 330 2494 non
359 2440 423 2494 sine
453 2456 541 2494 causa
564 2433 744 2493 Ritschelins
769 2455 819 2494 eos
842 2436 1155 2512 proximeudiungat,
1184 2441 1215 2493 et

90 2543 150 2598 tres
173 2541 311 2597 senarios
334 2543 376 2597 sic
399 2539 603 2612 redintegrare
627 2543 763 2597 conetur:

174 2642 355 2700 Conuorrite
379 2638 469 2700 aedis
492 2643 597 2716 scopis,
622 2641 701 2715 agite
725 2647 853 2712 strenue,

172 2739 359 2804 Munditias
381 2741 485 2822 (acite,
509 2739 655 2820 opusque.
700 2743 811 2821 Ecquis
834 2749 940 2804 euocat

173 2847 248 2907 Cum
271 2850 441 2905 nassiterna
464 2852 580 2905 etcum
603 2867 682 2924 aqua
704 2849 794 2906 istum
816 2847 1079 2924 impurissumum?

91 2951 229 3009 ctMerc.
245 2953 316 3009 391.
351 2949 442 3009 Stich.
464 2951 523 3008 348
548 2969 612 3026 sqq.
640 2945 848 3021 „Nassiterna“
873 2951 916 3006 ait
937 2949 1045 3008 Festus
1067 2951 1085 3009 l.
1104 2951 1124 3009 l.
1152 2955 1216 3023 „est

90 3072 179 3128 genus
203 3056 269 3112 vasi
293 3055 395 3130 aquari
419 3055 514 3112 ansati
538 3057 569 3110 et
591 3053 735 3128 patentis,
770 3051 857 3128 quale
879 3059 940 3124 cst,
975 3071 1033 3128 quo
1057 3055 1124 3128 equi
1147 3071 1215 3128 per-

92 3155 174 3216 fundi
198 3153 327 3228 solent“,
351 3161 381 3214 et
400 3161 509 3232 praeter
525 3155 554 3212 h.
568 3155 587 3212 l.
608 3153 694 3212 affert
711 3155 795 3231 quasi
813 3174 849 3212 ex
865 3155 1059 3212 Neruolaria:
1088 3154 1216 3231 „Ecquis

92 3258 146 3318 huc
166 3261 262 3318 ecfert
277 3261 474 3317 nassiternam
491 3277 557 3315 cnm
576 3255 675 3334 aqua?
693 3253 781 3330 eto.“,
794 3258 846 3333 qui
862 3276 964 3315 versus
976 3256 1069 3315 Stichi
1086 3259 1134 3314 eat'
1145 3258 1215 3316 353.

174 3362 316 3420 Demeam
347 3381 447 3418 senem
476 3361 606 3418 vicinum
640 3361 781 3420 advenire
814 3361 951 3436 suspicor
978 3364 1009 3418 et
1038 3359 1216 3418 Bacchidem

92 3464 286 3539 interrogare,
310 3466 342 3521 in
365 3465 446 3522 cuius
468 3463 611 3522 honorem
634 3463 711 3522 aedes
733 3483 802 3522 suas
825 3467 920 3522 ornet.
967 3463 1037 3534 Quae
1061 3483 1150 3540 quum
1171 3483 1216 3522 so·

92 3585 186 3625 rorem
210 3567 241 3625 se
264 3572 419 3643 expectare
442 3565 566 3638 dixerit,
597 3586 696 3624 senem
720 3565 912 3644 respondere:
957 3565 1039 3642 „Ego
1062 3573 1092 3624 te
1114 3569 1216 3644 potius

93 3689 199 3728 novum
223 3677 386 3728 amatorem
416 3674 573 3746 expectare
602 3667 760 3745 putabam,
795 3670 844 3728 vel
872 3669 1091 3728 adulescentem
1121 3671 1215 3742 illum,

94 3775 142 3846 qui
164 3777 227 3830 tam
250 3791 328 3848 sepe
351 3773 396 3829 his
419 3771 532 3830 aedibus
556 3771 779 3850 adpropinquat
807 3781 837 3830 et
866 3793 953 3849 quem
975 3793 1067 3848 quum
1090 3775 1217 3830 maxime

95 3874 295 3932 advenientem
320 3871 505 3951 conspicor“.
541 3859 600 3932 'cui
623 3874 755 3946 Bacchis,
781 3895 845 3952 quae
867 3875 999 3934 nondum
1018 3873 1216 3932 Pistoclerum

94 3976 221 4034 viderat:
261 3978 323 4048 „Tu
345 3979 493 4054 profecto,
523 3975 646 4048 Demea,
677 3979 794 4055 providi
824 3978 1025 4036 consiliatoris
1054 3977 1142 4034 modo
1166 3976 1216 4033 ad·

96 4085 224 4153 spectum
253 4101 350 4139 meum
381 4077 588 4157 praeverteris“
617 4077 785 4152 (Menandri
809 4081 900 4138 verba
923 4085 1007 4150 sunt,
1037 4099 1102 4156 quae
1126 4099 1217 4155 supra

96 4181 269 4257 citavimus).
319 4183 394 4257 „Sed
422 4189 471 4252 tu,
507 4184 625 4241 nostine
653 4185 718 4258 quis
748 4186 788 4241 sit
822 4188 873 4242 aut
910 4183 982 4260 quid
1015 4177 1113 4240 velit?
1152 4179 1215 4255 Ego

97 4291 239 4343 errantem
262 4287 333 4358 vidi,
357 4287 410 4344 sed
432 4305 593 4361 numquam
617 4283 769 4344 conveni“.
810 4287 936 4344 Errores
955 4287 1018 4344 cius
1036 4305 1102 4342 cum
1119 4283 1216 4344 Ulixis

97 4395 253 4464 comparat.
267 4419 309 4428 -
322 4393 349 4448 5.
374 4388 445 4448 Post
463 4384 580 4464 aimari
596 4389 693 4446 hiatus
712 4391 744 4447 in
763 4409 881 4447 caesura.
917 4389 1042 4446 Bothius
1060 4394 1090 4446 et
1102 4387 1215 4446 Ritsoh.
