2956 5010
270 509 331 570 520
774 499 891 569 Csptini.

269 705 352 757 recte
374 716 469 772 neque
497 715 566 752 vere
589 694 626 752 sd
654 693 711 753 hoc
738 701 855 771 tempus
884 713 1021 770 umquam
1050 694 1167 764 fecisse,
1203 713 1268 751 cum
1295 699 1326 750 tu
1356 693 1386 749 id
1457 664 1458 754 i

270 797 392 858 dicae?“
434 797 493 858 Sed
514 817 569 856 nec
583 798 655 855 talis
672 799 853 856 constructio
870 797 1055 873 Paratactice
1077 792 1240 868 (credisne,
1264 795 1386 873 pudeat)

271 903 342 961 sarri
365 907 473 980 potest,
497 921 551 958 nec
573 900 626 958 illa
648 903 800 958 sententis
822 899 896 957 satis
918 906 988 974 apta
1006 906 1061 957 est.
1095 898 1219 958 Plautus
1238 901 1389 976 scripsisse

269 1006 404 1063 ridetur:
432 1003 530 1076 ..credi
552 1000 693 1079 pudeat“‚
717 1006 780 1060 sine
803 1004 1048 1079 interrogatione.
1090 1001 1185 1078 Hegio
1208 1001 1386 1076 Stalagmum

269 1110 356 1166 iussit
378 1127 448 1166 vera
470 1107 583 1178 dicore,
619 1123 796 1182 quamquam
820 1105 875 1163 hoc
898 1125 1057 1182 numquam
1079 1112 1148 1164 ante
1170 1105 1304 1176 fecisset,
1337 1125 1388 1161 nec

270 1211 437 1286 Stalagmus
460 1210 514 1266 hoc
536 1215 643 1282 nagan
679 1210 767 1266 immo
789 1205 946 1283 gloriatur.
1002 1207 1133 1264 Puderet
1154 1227 1210 1276 me,
1234 1209 1341 1284 inquit,
1364 1211 1389 1264 si
1458 1183 1459 1234 4

270 1315 343 1371 meis
366 1311 465 1369 verbis
487 1310 561 1368 fides
582 1310 751 1368 haberetur.
785 1308 844 1367 Sed
865 1309 980 1381 ultima,
1004 1308 1262 1385 wormundum,
1285 1309 1335 1368 ubi
1354 1330 1390 1366 ne

271 1415 420 1472 obiectum
443 1413 561 1490 quidem
585 1411 719 1484 additur,
750 1411 916 1488 intelligere
939 1431 1064 1488 nequeo.
1087 1441 1128 1452 -
1152 1413 1223 1470 957.
1248 1405 1391 1470 naborem

271 1523 341 1574 cett.
365 1515 466 1588 codd.;
500 1512 535 1573 ise
556 1529 581 1572 r.
606 1509 694 1584 debu,
720 1533 748 1573 v.
777 1513 815 1572 ad
843 1515 925 1572 Asin.
950 1517 1022 1574 423.
1077 1513 1265 1572 Erubeecunt
1292 1519 1389 1572 summ

271 1625 303 1677 et
330 1639 404 1696 quos
434 1617 528 1694 pudet
557 1621 587 1674 et
614 1618 664 1694 qui
699 1619 789 1693 virgis
817 1615 979 1676 ceduntur.
1009 1647 1051 1658 -
1084 1619 1155 1676 958.
1190 1618 1252 1686 An,
1283 1619 1389 1692 inquit,

270 1722 424 1798 plagarum
453 1740 498 1780 me
527 1722 699 1797 Imperitnm
723 1737 837 1790 canses,
871 1719 951 1794 quod
978 1739 1024 1777 me
1052 1719 1127 1777 tales
1156 1725 1251 1780 minas
1285 1725 1389 1782 timere
1459 1769 1460 1782 .

270 1822 380 1900 putas?
409 1853 453 1864 -
487 1825 558 1882 959.
593 1823 696 1880 Verani
725 1821 840 1897 syllaba
866 1821 964 1894 deest3
998 1823 1084 1881 Both.
1123 1823 1223 1893 „dice“
1262 1827 1386 1903 scripsit,

271 1925 349 2002 quod
386 1945 473 2002 quom
508 1931 577 1983 ante
611 1929 819 1983 consonantem
852 1925 924 2000 poni
960 1943 1017 1982 non
1051 1924 1171 1998 debeat,
1209 1927 1331 1986 Becker.
1359 1929 1386 1985 in

271 2027 402 2086 Studem.
432 2026 515 2086 Stud.
546 2027 573 2099 Ι,
607 2047 638 2104 p.
672 2028 729 2085 129
767 2027 814 2100 „id
853 2025 918 2085 dic“
954 2028 1063 2098 voluit,
1102 2026 1260 2099 Schmidt,
1302 2029 1387 2088 Pron.
1460 2063 1461 2098 3

270 2131 433 2190 demonstr.
457 2151 486 2206 p.
511 2132 566 2188 79:
593 2125 735 2200 „istesc“.
753 2159 796 2170 -·-
819 2127 917 2206 aufer,
946 2149 974 2188 v.
998 2130 1035 2187 ad
1058 2130 1124 2188 sul.
1149 2133 1220 2190 630.
1244 2161 1288 2172 -
1315 2128 1391 2208 quid
1460 2205 1461 2218 χ

269 2227 349 2308 fere,
385 2232 457 2309 qnid
492 2231 638 2308 postulati
669 2231 776 2290 adfers.
832 2225 933 2304 feras,
967 2231 1094 2290 auferes.
1129 2261 1168 2274 -
1203 2235 1276 2292 960.
1311 2231 1390 2294 dida

271 2331 424 2412 conpendi
446 2334 585 2406 Bothius,
614 2336 754 2410 qnoniam
783 2334 916 2392 codicum
938 2335 1115 2411 scripturam
1139 2355 1243 2393 versus
1265 2339 1389 2412 respuit,

270 2457 297 2496 v.
323 2437 360 2494 sd
388 2439 471 2495 Asin.
496 2439 567 2496 305.
603 2465 646 2476 -
680 2437 750 2495 961.
785 2435 869 2508 Quod
903 2456 933 2494 se
966 2437 1084 2494 facilem
1117 2439 1148 2494 in
1180 2440 1390 2516 respondendo

271 2539 400 2616 praebuit
430 2537 611 2615 Stalagmus,
647 2539 740 2616 Hegio
772 2534 887 2612 „Olim“
919 2539 1015 2614 inquit
1049 2559 1142 2616 „puer
1169 2542 1258 2600 facile
1280 2563 1391 2600 rnorem

271 2644 362 2718 gessit
391 2643 523 2717 roganti,
553 2643 572 2700 i.
597 2661 622 2700 e.
646 2641 812 2718 impudicus
834 2639 905 2711 init3
936 2645 1078 2699 maiorem
1107 2649 1178 2701 natu
1208 2665 1270 2702 non
1298 2646 1390 2704 decet.
1461 2695 1462 2698 ,

270 2771 313 2784 --
337 2743 407 2802 962.
442 2757 479 2801 ao
500 2742 570 2801 olim
592 2743 788 2802 emendatum.
817 2773 860 2784 ·-
889 2745 960 2802 963.
995 2759 1033 2802 esc
1054 2743 1241 2804 Camerarius
1265 2747 1391 2806 eddidit.

273 2845 303 2903 Si
327 2865 397 2904 vera
419 2835 531 2918 fateris,
554 2847 660 2922 inquit,
685 2847 790 2904 malam
808 2853 890 2904 tuam
908 2845 1109 2905 condicionem
1128 2849 1219 2924 paulo
1239 2851 1393 2908 meliorem

272 2949 386 3006 reddes.
424 2977 462 2988 -·
503 2949 574 3008 964.
609 2945 685 3024 quid
716 2945 843 3025 eliquata,
882 2969 909 3005 v.
944 2947 981 3006 ad
1015 2951 1099 3008 Asin.
1137 2952 1206 3012 146.
1246 2979 1287 2992 ·-
1321 2953 1390 3010 965.

265 3049 352 3126 potis
374 3067 408 3110 es
430 3052 500 3109 olim
525 3051 723 3110 emendatum.
745 3079 787 3090 -
813 3065 916 3127 pauca
944 3051 996 3110 cic.
1042 3051 1079 3109 Se
1106 3055 1170 3129 ipse
1198 3053 1394 3130 reprehendit

271 3156 383 3212 ventus
405 3173 442 3212 ne
464 3156 586 3212 nimium
609 3156 781 3230 promisisse
804 3153 949 3220 videatur.
968 3183 1009 3194 --
1030 3155 1090 3212 966
1113 3173 1178 3231 sqq.
1201 3175 1304 3212 verum
1327 3175 1393 3212 ver-

272 3275 356 3315 snnm
379 3256 513 3314 ordinem
537 3255 607 3314 Pius
629 3258 772 3314 restituit.
795 3285 838 3296 -·
861 3255 931 3313 967.
955 3271 1010 3332 eqo
1032 3275 1134 3314 serens
1154 3277 1242 3316 causa
1258 3257 1304 3316 Fl.
1324 3256 1391 3315 edd.

271 3359 321 3418 Br.
347 3359 441 3430 „Quia
462 3355 557 3432 fugI“.
580 3387 623 3398 -
645 3359 716 3416 966.
747 3353 1003 3428 Theodoromedi,
1033 3358 1068 3417 ef.
1093 3361 1164 3418 629.
1212 3354 1394 3438 Polqplusio

272 3461 308 3520 cf.
334 3464 404 3521 276.
428 3489 470 3501 -
494 3463 565 3520 970.
590 3461 624 3520 tu
646 3481 701 3520 em.
724 3461 811 3522 Weil.
835 3465 866 3520 in
889 3461 995 3518 Annal.
1020 3461 1093 3538 phil.
1122 3463 1212 3534 1864,
1235 3483 1266 3541 p.
1282 3465 1333 3522 49.
1353 3493 1393 3503 -

273 3565 331 3621 971
363 3583 407 3638 sq.
437 3563 569 3639 Uterque
596 3583 699 3622 versus
729 3563 842 3621 histum
871 3563 901 3620 in
931 3563 1047 3622 dioeresi
1075 3564 1179 3636 habet,
1214 3585 1391 3642 quamquam

271 3667 401 3742 priorem
425 3665 557 3724 Studem.
581 3667 688 3724 Annal.
712 3665 784 3742 phil.
808 3663 913 3736 XCIII,
936 3685 965 3742 p.
992 3669 1029 3725 59
1053 3667 1116 3724 sine
1138 3667 1222 3725 hiatu
1244 3669 1327 3742 legit,
1351 3673 1394 3726 ita

271 3775 305 3828 ut
327 3783 429 3826 meum
451 3768 644 3844 dissyllabum
667 3767 728 3828 fist.
754 3799 794 3808 -
814 3765 938 3844 pestium
961 3769 1031 3826 olirn
1055 3769 1244 3828 emendatum
1268 3779 1321 3829 est.

358 3873 428 3932 975.
456 3865 556 3946 Quam
578 3867 633 3930 dite
654 3869 691 3931 id
710 3866 828 3946 filetum
845 3867 912 3930 eet?
936 3871 972 3930 of.
991 3871 1071 3930 Pers.
1086 3873 1162 3930 819:
1190 3873 1260 3944 „diu
1282 3873 1392 3932 facturn

271 3983 318 4033 est
345 3983 504 4052 postquam
532 3974 691 4033 bibimus“.
751 3973 821 4033 Cist.
855 3975 928 4031 15³:
966 3974 1081 4048 „Fuere
1108 3973 1227 4049 Sicyoni
1255 3978 1313 4033 iam
1342 3975 1393 4032 diu

271 4075 446 4153 Dionysia“.
498 4076 586 4136 Poen.
611 4079 667 4136 94:
706 4078 923 4153 „conmigrauit
949 4078 980 4134 in
1003 4076 1184 4152 Calydonem
1207 4077 1287 4135 hond
1309 4077 1391 4134 din“.

271 4180 414 4240 Similiter
447 4200 554 4256 „quam
578 4177 719 4252 dudum“,
755 4201 781 4238 v.
811 4178 848 4237 ad
877 4179 983 4255 Amph.
1008 4181 1079 4238 665.
1108 4207 1149 4218 -
1181 4177 1391 4246 diceneum,

272 4281 308 4338 ds
341 4283 395 4340 hac
428 4283 522 4340 forma
555 4283 591 4342 cI.
627 4281 761 4342 Corssen.
792 4281 977 4359 Aussprsche
1006 4281 1034 4340 d.
1061 4281 1125 4340 Lat.
1152 4281 1181 4352 Ι,
1213 4301 1242 4358 p.
1268 4284 1317 4341 96.
1351 4307 1393 4320 -·

272 4385 345 4442 977.
362 4380 569 4458 peculiarem,
598 4405 626 4444 v.
651 4387 700 4444 20.
735 4385 805 4444 Mox
830 4383 990 4462 ..pmolc‘
1021 4405 1056 4442 ex
1084 4385 1266 4462 interpolato
1292 4383 1392 4442 codice
