2922 5006
72 489 238 558 11111-11
562 492 680 563 cuperus.
1122 502 1188 562 uro

456 682 781 766 Aristophontes

70 789 143 866 Quid
159 789 242 856 istuc
262 795 322 871 est,
340 789 428 874 quod
445 812 535 856 meos
552 798 586 856 to
605 790 711 856 diuum
729 790 871 875 fugituro
883 791 1005 873 oeulos,
1023 791 1184 878 Tyndaro,

68 896 182 981 Proque
204 899 316 982 ignoto
339 919 391 964 me
414 900 600 984 aspernari,
630 899 727 983 quasi
754 920 1006 984 menumquam
1027 901 1186 968 noueris?

67 1004 214 1088 Equidem
232 1012 302 1072 tam
320 1027 392 1074 sum
410 1027 523 1074 seruos
546 1027 644 1090 quam
666 1015 713 1088 tu,
737 1009 801 1074 etsi
823 1029 884 1091 ogo
908 1009 996 1074 domi
1018 1008 1102 1074 liber
1124 1009 1186 1090 fui,

69 1113 109 1177 Tu
130 1133 234 1196 usque
257 1135 278 1179 a
301 1135 402 1198 puero
425 1117 619 1182 seruitutem
643 1115 811 1180 seruiuisti
833 1115 867 1182 in
889 1116 992 1182 Alide.

553 1257 682 1341 Hegio

65 1381 178 1465 Edepol
199 1383 343 1448 minume
366 1383 476 1462 miror,
499 1384 526 1448 si
548 1389 582 1450 te
604 1383 725 1467 fugitat
747 1390 805 1449 aut
827 1383 941 1450 oeulos
963 1391 1051 1464 tuos,
1131 1403 1188 1455 odo

64 1489 120 1554 Aut
140 1491 167 1555 si
188 1497 222 1558 te
242 1489 322 1570 odit,
345 1491 402 1576 qui
420 1492 522 1558 istum
539 1492 685 1578 appelles
702 1491 890 1576 Tyndarum
907 1513 966 1576 pro
984 1491 1183 1560 Philocrate.

508 1656 720 1740 Tyndarus

64 1779 167 1863 Hegio,
188 1781 243 1848 hio
265 1781 363 1847 homo
385 1782 536 1848 rabiosus
558 1781 691 1848 habitus
714 1783 819 1847 estin
842 1781 946 1862 Alide,

62 1887 104 1953 Ne
124 1896 170 1970 tu,
194 1890 283 1973 quod
305 1891 379 1956 istie
400 1890 577 1970 fabuletur,
602 1891 690 1956 auris
713 1891 860 1956 inmittas
883 1895 973 1971 tuu's;

62 1995 137 2062 Nam
158 1999 233 2065 istio
256 1997 360 2064 hastis
383 1999 565 2066 insectatus
587 2005 639 2073 est
661 1997 749 2064 domi
772 2004 912 2064 matrem
935 2004 969 2064 et
986 2004 1125 2082 putrem,

64 2102 101 2168 Et
121 2105 186 2172 11110
208 2107 274 2188 isti,
297 2107 354 2189 qui
377 2113 539 2190 sputatur,
563 2107 697 2172 morbus
718 2105 885 2172 interdum
906 2107 1011 2199 uenit;
1128 2125 1185 2176 040

62 2209 149 2279 Proin
170 2221 207 2280 tu
229 2214 273 2280 ab
295 2215 379 2282 istoo
401 2215 515 2299 procul
537 2214 683 2280 recedas.

551 2355 681 2440 Hegio

613 2464 710 2531 Ultro
730 2465 830 2532 istum
853 2485 874 2530 a
895 2485 956 2554 me.

450 2607 773 2691 Aristophontes

932 2716 1004 2796 Ain,
1026 2715 1181 2795 uerbere,

59 2819 105 2886 ile
126 2823 289 2890 rabiosum
318 2830 418 2909 atque
445 2825 642 2890 insectatum
665 2845 737 2889 esse
759 2823 863 2889 hastis
885 2844 994 2890 meum
1015 2844 1182 2890 memoras

765 2938 904 3016 patrem,

58 3035 95 3100 Et
117 3059 188 3104 eum
210 3038 361 3106 morbum
383 3039 464 3106 mihi
486 3061 568 3121 esse,
590 3047 628 3106 ut
651 3041 708 3124 qui
725 3059 777 3106 me
794 3059 876 3124 opus
893 3039 937 3106 sit
954 3039 1181 3124 insputarier?

546 3181 679 3265 Hegio

57 3285 99 3352 Ne
120 3310 242 3372 uenere,
265 3290 386 3356 multos
408 3291 473 3356 iste
495 3291 628 3358 morbus
650 3289 798 3356 homines
821 3295 978 3371 manerat,

59 3394 175 3472 Quibus
198 3399 362 3484 insputari
384 3397 482 3466 saluti
503 3399 568 3466 fuit
589 3405 690 3483 atque
710 3399 740 3464 is
763 3397 896 3482 profuit.
1122 3415 1178 3468 ooo

447 3541 769 3626 Aristophontes

57 3643 141 3728 Quid,
163 3655 199 3715 tu
223 3657 333 3716 autem
357 3651 457 3718 etiam
479 3649 558 3716 111110
582 3649 711 3716 eredis?

545 3791 674 3874 Hegio

496 3897 583 3978 Quid
607 3921 666 3982 ego
690 3897 820 3965 credam
843 3899 944 3965 huic?

442 4042 766 4126 Aristophontes

835 4151 992 4216 Insanum
1015 4148 1173 4214 essene.
