2922 5006
109 515 307 591 fflffl-N,
320 523 343 592 1,
356 524 387 578 12
604 523 745 581 Curculio.

618 715 644 781 L
678 735 722 782 oo

104 817 287 904 Argentum
308 821 461 906 accipias,
484 841 558 890 cum
579 738 775 890 411οέ144444
796 823 968 910 uirginem.

560 953 781 1040 Cappadox

104 1059 194 1139 Quid
215 1059 238 1142 †
260 1060 350 1145 quod
372 1061 500 1130 iuratus
524 1063 619 1130 sum?

616 1171 721 1257 Lyco

602 1278 687 1357 Quid
709 1279 744 1346 id
765 1273 868 1346 'refert
890 1285 957 1362 tua,

101 1384 193 1451 Dum
217 1389 393 1470 argeutum
415 1387 583 1471 accipian?

561 1517 781 1606 Cappadox

630 1627 695 1708 Qui
717 1635 828 1696 monet
851 1629 945 1716 quasi
967 1617 1114 1696 adiuuat.

98 1731 297 1820 Sequimini.

571 1842 767 1912 Curculio

356 1949 454 2032 Leno,
478 1971 560 2018 caue
584 1973 676 2018 mora
697 1953 731 2018 in
753 1957 787 2020 tc
811 1951 854 2020 sit
876 1951 966 2019 mihi.
1179 1961 1232 2028 460

549 2376 790 2446 GHORAGUS.

93 2547 232 2634 Edepol
243 2554 438 2633 nugatorem
450 2547 596 2635 lepidum
606 2549 715 2635 lapide
727 2549 815 2616 hunc
826 2553 981 2617 nanchuat
991 2537 1231 2636 Phaedromum

93 2655 351 2743 Halophancam
373 2679 416 2724 an
440 2657 676 2743 sycophantam
698 2660 803 2744 magis
826 2679 897 2726 esso
920 2659 1038 2740 dicam,
1061 2661 1183 2730 nescio.

92 2765 312 2848 Ornamenta„
336 2787 419 2850 quac
442 2765 561 2848 locuni,
584 2773 703 2847 metuo,
727 2773 765 2832 ut
788 2767 912 2852 possim
935 2768 1091 2852 recipere.

95 2875 313 2958 Quamquam
344 2895 418 2941 com
445 2875 530 2940 istoc
561 2875 640 2940 mihi
668 2875 780 2960 negoti
802 2875 884 2942 nihil
906 2883 1021 2944 osi-
1042 2877 1105 2961 ipsi
1126 2872 1230 2944 Phao-

824 2983 937 3050 dromo

93 3089 238 3161 Credidi
254 3125 298 3138 -·
315 3097 426 3158 tamen
449 3090 644 3158 adacruabo.
680 3089 744 3157 Sed
767 3091 844 3157 dum
866 3091 920 3158 hic
943 3092 1112 3175 agreditur
1132 3091 1229 3177 ionas,

93 3199 378 3280 Oonmonstrabo‚
401 3221 467 3284 quo
490 3201 525 3265 in
553 3220 715 3282 quamquo
743 3197 910 3267 hominem
932 3197 1030 3268 facilc
1051 3201 1229 3270 inueniatia

820 3307 902 3388 loco,
1179 3329 1231 3382 466

90 3419 147 3485 No
173 3415 278 3482 nimio
301 3429 401 3499 opera
424 3422 533 3482 sumat
556 3437 699 3500 oporam,
722 3417 843 3500 siquis
863 3422 1060 3484 conuentum
1078 3417 1162 3484 uelit

90 3525 161 3594 Uel
187 3507 345 3589 uitiosum
366 3525 421 3592 nal
444 3525 514 3590 sine
537 3525 621 3593 nitio
645 3525 700 3591 uel
722 3523 862 3610 probum
884 3524 938 3592 uel
960 3525 1144 3611 inprobum.

90 3634 163 3714 Qui
188 3633 359 3717 periurum
382 3635 556 3700 conuenire
579 3633 650 3699 uolt
671 3633 844 3714 hominem,
866 3636 914 3700 ito
937 3635 971 3700 in
994 3635 1177 3718 comitium

90 3742 163 3822 Qui
188 3739 381 3808 mendacem
403 3750 437 3808 oi
458 3742 647 3826 gloriosum,
671 3742 761 3826 apud
784 3741 961 3809 Cloacinae
983 3763 1123 3810 sacrum.
1163 3741 1231 3814 '⁴¹70

89 3851 189 3918 Ditis
214 3847 390 3916 damnosos
413 3851 549 3918 maritos
571 3850 631 3917 sub
654 3849 794 3918 basilica
817 3850 984 3936 quaorih03

88 3957 231 4027 Ibidem
254 3963 350 4024 eruuh
371 3963 481 4025 scoria
503 3958 633 4024 exoleta
655 3959 778 4043 quique
803 3957 957 4042 stipulari
979 3957 1102 4040 solant;

92 4137 232 4151 ,κω-...-
273 4137 329 4146 .—

168 4235 226 4290 460
241 4233 272 4288 in
289 4239 318 4289 to
337 4235 374 4290 cit
390 4251 470 4291 mora
563 4237 615 4292 462
633 4213 842 4308 Kolophauthm
864 4254 900 4294 an
929 4235 1132 4308 sycophantam
1155 4237 1230 4292 huno

91 4321 193 4392 magio
211 4319 268 4374 hoc
286 4323 318 4376 'ch
337 4321 428 4378 dicam
488 4323 539 4378 463
557 4327 651 4377 metuo
669 4323 746 4378 hund
763 4325 869 4393 possim
930 4323 1025 4378 40721
1043 4337 1125 4391 quam
1177 4323 1230 4378 469

92 4411 185 4465 mitto
239 4408 288 4461 471
309 4407 479 4477 dampnosos
