2922 5006
80 493 266 563 uam—aa
568 493 685 563 Captiui.
1130 503 1191 564 203

77 684 138 750 Hoc
164 705 311 767 agamns3
340 684 405 748 iam
435 683 578 750 animum
607 684 747 750 aduerte
776 705 815 750 ac
844 685 934 765 mihi,
965 707 1049 771 quae
1074 686 1191 768 dicam,

783 794 938 860 edissere.

77 901 105 968 Si
126 904 185 967 eris
208 922 319 982 uerex,
344 923 382 966 ec:
402 903 469 967 luis
491 901 590 968 rebus
613 901 732 968 feceris
754 903 975 968 meliusculus.

513 1009 743 1093 Stalagmus

74 1117 178 1202 Nugae
200 1119 305 1184 istaec
328 1125 420 1198 sunt3
443 1139 508 1184 non
531 1140 582 1184 me
605 1139 719 1184 censes
741 1119 834 1199 scire,
858 1119 937 1203 quid
956 1120 1071 1203 dignus
1088 1120 1191 1186 siem?

564 1225 697 1310 Hegio

73 1335 111 1400 At
131 1356 168 1400 ea
190 1334 417 1419 supterfugere
439 1335 529 1419 potis
553 1355 589 1400 es
611 1355 730 1419 panca,
755 1335 783 1400 si
804 1355 871 1400 non
894 1336 1011 1400 omnia.
1138 1353 1188 1406 965

510 1442 744 1524 Stalagmus
830 1449 835 1460 '

72 1551 176 1617 Pauca
199 1549 369 1634 eclugiam,
394 1553 477 1631 scio,
500 1571 576 1615 nam
601 1550 706 1616 multa
728 1553 889 1630 euenient,
914 1559 947 1616 et
968 1554 1084 1618 merito
1107 1572 1191 1630 meo,

74 1659 150 1736 Quia
172 1680 228 1743 epo
251 1665 284 1724 et
305 1659 374 1743 fugi
396 1667 430 1725 et
450 1659 512 1724 ribi
534 1658 682 1742 subripui
704 1657 808 1726 filium
830 1667 864 1724 el
886 1681 959 1724 eum
981 1659 1123 1726 uendidi.

563 1765 691 1849 Hegio

71 1877 150 1955 Quoi
172 1877 322 1942 homini?

510 1982 744 2066 Stalagmus

338 2091 600 2158 Theodoromedi
622 2093 656 2156 in
680 2091 773 2159 Alide
796 2091 984 2176 Polyplusio
1029 2127 1031 2134 ·

69 2201 130 2268 Sex
152 2202 258 2267 minis.

563 2307 689 2390 Hegio

325 2415 388 2481 Pro
412 2417 445 2481 di
467 2415 676 2494 inmortalem
700 2418 728 2482 is
752 2419 882 2500 quidem
905 2416 1000 2482 huius
1024 2421 1073 2481 est
1096 2421 1190 2498 pater

68 2524 271 2591 Philocratis.

510 2631 743 2716 Stalagmus

287 2737 372 2817 Quin
394 2739 511 2805 melius
534 2741 611 2805 noui
635 2761 733 2823 quam
754 2749 791 2808 tu
816 2749 849 2807 et
872 2741 941 2806 uidi
964 2742 1102 2824 saepius.
1139 2757 1191 2810 9⁹10

563 2849 691 2932 Hegio

67 2954 176 3034 Seruo,
199 2956 350 3040 luppiter
372 2946 533 3041 supreme,
558 2965 590 3021 et
612 2979 663 3022 me
688 2964 721 3022 et
742 2978 851 3022 meum
874 2963 1009 3039 gnatum
1031 2955 1120 3020 mihi.

67 3063 276 3144 Philocrates,
300 3085 358 3148 per
380 3071 471 3130 tuum
494 3071 526 3130 te
550 3067 680 3149 genium
703 3065 849 3134 obsecro,
873 3066 942 3146 cxi;
965 3071 998 3130 te
1021 3065 1107 3130 uolo.

223 3341 528 3410 PHILOORATES.
573 3343 717 3410 HEGIO.
764 3341 1027 3410 STALAGMUS.

500 3497 758 3564 Philocrates

67 3605 177 3688 Hegio,
202 3606 327 3671 adsum.
374 3606 407 3673 Si
430 3607 508 3690 quid
531 3627 581 3670 me
604 3609 665 3686 uis,
687 3609 812 3691 inpera.

564 3715 690 3798 Hegio

841 3823 904 3887 Hic
926 3829 1063 3904 gnatum
1085 3843 1192 3887 meum

68 3929 138 3995 Tuo
159 3932 247 4016 patri
271 3933 320 3996 ait
343 3953 378 3997 se
401 3931 588 3997 uendidisse
613 3953 669 3996 sex
691 3933 787 3997 minis
810 3932 843 3995 in
868 3930 971 3996 Alide.

102 4111 284 4121 ιιι-Ἥ

136 4211 184 4264 969
202 4210 320 4266 ednorte
338 4209 399 4266 hoec
417 4210 485 4264 mihi
540 4211 591 4265 966
609 4227 642 4263 ex
660 4226 709 4264 cm.
768 4211 819 4264 966
836 4209 957 4279 petisses
1011 4209 1062 4262 966
1076 4209 1194 4276 ponitur

68 4300 131 4358 port
145 4299 206 4350 968.
259 4297 312 4350 967
330 4313 382 4365 ego
401 4311 450 4352 om.
500 4297 551 4349 966
570 4295 720 4349 Theodoro
739 4295 848 4350 medico
901 4296 952 4349 970
971 4310 1053 4362 quem
1071 4297 1100 4347 ta
1143 4295 1194 4345 979

70 4382 100 4430 te
117 4379 254 4450 ingenium
