2960 5012
286 537 326 598 60
801 528 891 584 Plsun

716 717 974 786 Pistoclerus

284 827 409 907 Quibus
443 828 608 912 ingenium
646 827 681 892 in
715 827 824 892 animo
858 824 1021 904 utibilest,
1064 821 1227 888 modicum
1261 827 1293 888 ct
1323 823 1379 888 sinc

1000 931 1196 998 uernilitata.

487 1151 621 1216 limaces
643 1151 715 1216 uiri.

285 1366 376 1446 Quae
399 1365 545 1434 sodalem
568 1373 667 1452 atque
689 1387 740 1431 me
763 1367 923 1430 exercitos
944 1363 1055 1429 habet.

283 1583 397 1667 Neque
419 1583 509 1648 haud
531 1581 697 1648 subditiuo
717 1581 821 1664 gloria
843 1580 998 1665 oppidum
1019 1578 1170 1645 arbitror.
1357 1591 1382 1646 11
1453 1673 1455 1682 Α

744 1772 936 1783 —-—-—

731 1902 901 1970 Bacchis
923 1905 961 1969 A.

479 2011 536 2077 illa
558 2011 621 2076 mei
644 2012 844 2095 cognominis
866 2011 938 2076 luit.

479 2226 639 2313 quidquid
661 2233 712 2292 cst
733 2247 850 2292 noman
872 2225 935 2292 sibi

721 2549 899 2616 Bacchis
922 2551 959 2616 A.

285 2657 433 2742 Cupidon
455 2665 488 2724 te
511 2656 642 2723 conficit
664 2678 747 2724 anne
770 2660 885 2726 amori

372 2838 512 2845 ---..——

285 2953 316 3004 12
334 2951 444 3007 Nonius
458 2969 486 3020 p.
507 2955 578 3006 342:
620 2950 763 3006 Modicum
786 2957 897 3009 ueteres
918 2952 1094 3008 moderatum
1117 2957 1227 3008 etcum
1244 2951 1325 3006 modo
1341 2947 1387 3002 dici

333 3038 443 3092 uolunt.
469 3037 585 3092 Plautus
602 3038 632 3092 in
649 3037 848 3092 Bacchidibus:
869 3038 969 3108 quibus
988 3040 1068 3110 ignes
1086 3039 1116 3092 in
1134 3039 1226 3092 animo
1245 3037 1337 3092 utibile
1353 3037 1389 3089 est
1456 3061 1458 3106 ς

332 3124 473 3178 modicum
493 3131 522 3178 et
540 3124 598 3179 sine
616 3123 783 3179 nemilitatc.
807 3122 914 3181 elsarn
928 3139 958 3192 p.
977 3127 1034 3178 206
1051 3121 1095 3177 K:
1113 3122 1227 3178 Plnutns
1246 3123 1277 3178 in
1288 3119 1389 3178 Bacchi·
1456 3131 1458 3198 ᾗ

333 3209 414 3263 dibus
431 3210 576 3280 ingenium
594 3209 624 3263 in
642 3210 734 3263 enimc
753 3209 851 3265 utibile
870 3215 899 3265 et
915 3209 1057 3264 modicum
1077 3213 1127 3264 est.

284 3297 315 3348 13
334 3294 442 3349 Nonius
458 3311 489 3364 p.
512 3299 582 3350 333:
626 3295 733 3350 bimari
850 3295 965 3350 Plautus
987 3335 1038 3348 ...
1059 3292 1260 3350 Bacchidibus:
1287 3293 1389 3346 limaces

332 3380 402 3447 uiri}
420 3380 496 3448 quod
514 3381 644 3436 adterant
661 3385 690 3434 et
707 3385 882 3434 consumant.

283 3467 314 3518 14
332 3463 440 3518 Nonius
458 3482 489 3534 p.
508 3471 540 3520 6:
574 3465 736 3520 Exercitum
755 3465 858 3518 dicitur
880 3463 1052 3536 fatigatum.
1072 3509 1076 3519 .
1097 3509 1102 3518 .
1123 3465 1238 3520 Plautus
1256 3459 1389 3518 Bacchidi·

334 3551 398 3602 bns:
417 3548 484 3616 Quas
503 3557 554 3605 etc.
592 3549 697 3605 bituric
710 3565 741 3617 p.
759 3552 819 3604 229
837 3548 875 3603 K.

287 3637 319 3687 15
336 3633 466 3690 nonam
483 3635 955 3704 aare‚m1cr.1,a,aa(aoe).

284 3721 314 3773 16
332 3717 441 3775 &mue
458 3721 495 3775 cd
511 3721 582 3776 AEra
607 3721 661 3788 VI,
685 3723 756 3775 383.-
789 3721 892 3789 gaudet
913 3723 1071 3789 cognomine
1088 3728 1176 3776 terra:
1210 3719 1337 3774 Nominis
1354 3715 1390 3771 sui

332 3805 519 3861 similitudine.
561 3805 583 3859 F
585 3806 642 3862 coit
660 3811 754 3859 autem
770 3805 816 3860 hic
835 3812 864 3860 et
879 3805 941 3860 haec
960 3805 1148 3876 cognominis3
1171 3823 1236 3860 nam
1253 3807 1284 3859 iu
1300 3805 1390 3861 Plsuto

331 3890 444 3960 lectum,
464 3909 528 3947 oum
546 3908 601 3946 unc
614 3891 649 3946 de
659 3891 846 3946 Bacchidibus
861 3891 980 3946 diceret:
999 3892 1047 3945 ills
1059 3893 1116 3946 mei
1131 3891 1308 3962 cognominis
1322 3889 1376 3944 fuit

283 3979 314 4028 17
332 3973 445 4030 Servius
463 3978 501 4032 ad
517 3976 587 4032 AEn.
606 3975 642 4038 Χ,
661 3979 729 4030 493.·
775 3975 917 4045 Quidquid
934 3994 985 4047 pro
1006 3977 1202 4046 quodcunque.
1238 3973 1390 4030 Plautusin

332 4061 531 4117 Bacchidibus:
551 4062 688 4131 quidquid
707 4066 750 4117 est
767 4079 870 4117 nomen
888 4063 949 4116 sibi.

282 4149 314 4200 18
332 4145 445 4202 Sumus
461 4148 500 4202 cd
515 4147 586 4202 Aba.
614 4147 660 4216 VI,
683 4151 750 4202 194:
781 4147 945 4217 Cupidinem
964 4151 1075 4202 ueteres
1093 4145 1309 4202 immoderatum
1326 4158 1389 4198 nmo·

330 4249 389 4285 rem
408 4232 546 4288 dicebant.
588 4231 718 4288 Afranius
736 4230 864 4288 Neraria:
900 4233 977 4288 Alius
1001 4239 1043 4288 est
1068 4249 1161 4300 amor,
1192 4231 1262 4286 alius
1282 4228 1389 4300 cupid03

332 4323 427 4371 amant
444 4318 593 4388 sapientes,
612 4321 728 4388 cupiunt
742 4319 836 4374 ceteri.
881 4319 997 4374 Plautus
1015 4335 1078 4372 cum
1093 4317 1278 4372 distinctione
1292 4314 1390 4386 posuit:

332 4402 461 4472 Cupidon
482 4409 511 4460 te
538 4403 652 4458 conficit
675 4421 746 4459 anne
765 4404 877 4459 amor?“
908 4403 984 4472 quod
1010 4403 1195 4472 intelligitur,
1219 4403 1390 4457 uehementer
