2956 5010
265 519 327 582 550
758 513 894 568 Curculio.

257 707 398 781 Romani3
421 709 542 783 utrique
554 707 631 766 enim
644 703 813 786 antiquitus
823 708 905 768 nudo
917 709 978 767 fere
998 710 1096 786 capite
1113 708 1297 781 incedebant,
1316 709 1357 768 sed
1451 747 1452 780 3

257 812 295 871 de
316 813 354 870 iis
375 811 519 886 loquitur,
542 811 594 888 qui
615 809 707 888 pallio
731 809 859 870 obducto
881 817 972 889 caput
995 811 1103 883 velant,
1127 811 1209 888 quod
1230 811 1357 870 iaciebant

256 913 397 973 mulieres
419 917 451 972 et
473 914 530 972 viri
552 932 614 989 pre
636 911 762 972 mollitie
785 912 878 972 solem
901 917 1075 972 otrentum
1097 932 1157 972 non
1179 914 1313 986 ferentes,
1337 933 1358 970 r.

256 1015 350 1076 Rutil.
363 1015 440 1091 Lup.
452 1015 490 1088 11,
504 1019 540 1074 7:
567 1015 752 1090 „praeligato
769 1013 892 1090 palliolo
909 1013 1004 1090 higna
1026 1035 1044 1074 a
1065 1016 1165 1093 capite
1189 1011 1359 1074 defendent

256 1117 357 1179 Senes.
380 1118 437 1196 Ep.
464 1118 533 1192 114,
558 1119 592 1176 6:
625 1116 721 1190 „hunc
745 1135 825 1190 esse,
857 1118 908 1193 qui
937 1119 969 1176 in
997 1120 1077 1176 omni
1099 1119 1220 1196 publico
1242 1124 1310 1177 ccam
1328 1119 1361 1176 sic

257 1221 444 1300 apparuerit,
475 1225 509 1279 ut
537 1219 629 1296 pallio
652 1219 803 1278 velaretur
826 1225 917 1294 caput
938 1219 1065 1278 exclusis
1087 1221 1229 1296 utrinque
1250 1221 1360 1292 auribus,

256 1343 317 1383 non
340 1323 430 1382 aliter
459 1343 547 1400 quam
574 1323 604 1380 in
634 1324 722 1382 mimo
745 1321 864 1396 fugitivi
887 1318 1015 1380 solent“.
1060 1322 1197 1399 Fugitivi
1219 1326 1308 1396 enim,
1334 1343 1363 1381 ne

256 1431 466 1498 noscerentur,
499 1431 590 1502 caput
612 1423 790 1502 operiebant
813 1419 854 1496 (v.
880 1419 969 1496 290),
1003 1423 1175 1502 philosophi
1199 1431 1308 1498 autem,
1337 1433 1364 1482 nt

257 1530 435 1606 gravitatem
458 1529 648 1598 simularent,
678 1529 764 1602 quasi
792 1547 829 1586 ne
859 1526 1034 1586 turbaretur
1063 1529 1178 1586 animus
1201 1529 1278 1586 inter
1298 1531 1364 1604 cogi·

255 1631 393 1704 tandum,
427 1633 453 1690 si
480 1631 553 1708 quid
581 1631 670 1688 alieni
699 1629 792 1688 oculis
822 1635 874 1688 aut
902 1629 1024 1688 auribus
1053 1629 1205 1688 obiectum
1228 1637 1312 1688 esset.
1331 1659 1366 1670 -

229 1735 333 1793 ⁸289.
374 1728 579 1808 suffarcinati,
620 1733 705 1809 quasi
740 1731 872 1804 sufferti,
908 1731 1062 1805 oneribus,
1101 1752 1168 1809 quse
1201 1733 1255 1791 sub
1288 1732 1367 1808 pallio
1454 1777 1455 1806 ,

258 1841 388 1913 gestant,
411 1841 568 1907 tumentes,
593 1835 628 1894 of.
653 1833 720 1893 Ter.
743 1832 836 1892 Andr.
862 1835 939 1893 77οε
966 1833 1055 1906 ,Uidi
1078 1833 1257 1894 Cantharam
1278 1833 1366 1893 suffar-

258 1934 417 1998 cinatam“.
452 1937 492 1998 Et
509 1937 678 1996 Martianus
700 1935 823 2014 Capella
845 1935 965 2012 quidem
988 1935 1082 2010 vnn,
1107 1939 1181 1996 998:
1210 1937 1313 2010 „docta
1331 1939 1367 1994 in·

257 2041 353 2100 doctis
387 2059 530 2117 aggerans
563 2037 660 2096 fandis
693 2037 820 2096 tacenda
846 2035 1005 2098 farcinat“.
1061 2039 1173 2098 Tamen
1207 2039 1309 2098 dubito
1337 2059 1368 2096 su
1455 2115 1456 2128 χ

257 2149 337 2202 recte
360 2141 520 2202 Lambinus
543 2141 683 2200 Latinum
714 2160 775 2198 esse
804 2142 958 2214 negaverit
985 2147 1015 2200 et
1042 2147 1171 2218 utroque
1199 2142 1265 2200 loco
1296 2139 1368 2214 ,sub
1455 2129 1456 2134 ¹

258 2242 455 2304 sarcinatum“
482 2246 650 2321 scripserit;
677 2244 859 2316 „sarcinatos
879 2241 1030 2302 hominss“
1052 2245 1132 2320 legas
1150 2245 1242 2304 Poen.
1256 2246 1369 2303 982.-

258 2343 330 2408 tilm'
350 2346 562 2425 philosophum
585 2350 745 2417 ostentant,
769 2339 903 2421 spetiali
929 2351 1153 2422 paupertatem
1189 2366 1259 2405 uam
1286 2350 1370 2406 victus

257 2469 348 2508 causa
364 2449 623 2528 philosophantur,
642 2454 673 2508 et
691 2449 841 2525 accipiunt
859 2446 1004 2524 quidquid
1021 2447 1058 2506 ah
1075 2447 1264 2508 auditoribus
1283 2451 1369 2507 datur.

257 2581 300 2592 —
324 2554 405 2614 290:
425 2545 584 2626 Constant,
607 2551 695 2610 simul
714 2555 803 2621 etant,
828 2550 939 2610 61502
963 2569 1006 2626 sq.
1029 2581 1064 2590 -
1091 2549 1264 2628 conferunt.
1298 2550 1371 2623 Quod

258 2655 371 2714 Parcus
403 2657 446 2712 ait
473 2656 504 2712 in
531 2653 556 2712 B
584 2654 680 2714 videri
709 2653 746 2711 ab
779 2654 865 2710 initio
899 2653 1040 2730 scriptum
1074 2673 1138 2712 esse
1171 2651 1369 2726 „conseruut“,

259 2756 394 2834 equidem
424 2775 484 2815 non
511 2756 583 2814 vidi.
613 2786 655 2795 -
682 2771 751 2816 sese
779 2755 979 2828 Camerarius3
1014 2751 1162 2830 (impetus
1191 2763 1262 2816 cett.
1287 2755 1372 2826 codd,

258 2862 279 2920 i.
297 2879 322 2916 e.
346 2859 475 2933 fugitivi,
500 2879 526 2918 v.
548 2857 586 2916 ad
609 2861 680 2919 288.
703 2887 746 2900 —
769 2859 839 2917 291.
863 2853 1018 2918 incedunt.
1054 2857 1158 2916 Both:
1186 2855 1370 2930 ,occedunt“‚

258 2967 293 3020 ut
315 2961 418 3020 eadem
441 2963 612 3038 praepositio
636 2967 798 3038 repetatur,
822 2960 901 3038 quod
924 2959 1051 3018 fortasse
1069 2963 1243 3038 reciperem,
1268 2963 1293 3020 si
1310 2979 1373 3038 qno

258 3063 346 3123 modo
369 3065 479 3122 mutari
497 3065 655 3140 potuisset,
678 3063 886 3139 intelligerem.
908 3093 943 3101 —
966 3064 1038 3122 292.
1064 3057 1310 3140 thermopolim,
1331 3062 1375 3122 ubi

259 3166 429 3224 venduntur
452 3165 541 3224 calidi
565 3167 623 3225 cibi
647 3173 676 3224 et
699 3167 799 3224 vinum
827 3165 970 3238 calidum,
994 3166 1030 3222 of.
1054 3165 1163 3225 Pseud.
1189 3169 1261 3226 747.
1307 3165 1375 3224 Rud.

261 3269 332 3328 529.
365 3269 555 3329 Trin.1013.
590 3267 647 3328 Sed
671 3268 752 3345 quod
774 3267 884 3344 legitur
907 3261 1044 3327 bibentes
1066 3283 1144 3341 esse,
1169 3270 1306 3346 ineptum
1328 3276 1376 3326 est.

258 3371 411 3430 Acidalius
435 3371 611 3430 emendabat
646 3371 789 3443 „libentes
818 3366 912 3442 esse“‚
947 3372 966 3429 i.
991 3390 1014 3427 e.
1039 3360 1184 3446 gaudere,
1219 3372 1288 3430 coll.
1311 3371 1378 3430 cist.

261 3475 336 3532 508:
370 3476 440 3550 „qui
462 3493 580 3550 semper
602 3474 679 3532 malo
703 3473 842 3532 muliebri
865 3477 935 3531 sunt
957 3470 1124 3532 lubentss“.
1178 3473 1289 3532 Verum
1311 3473 1379 3551 quid

258 3575 314 3634 hoc
336 3581 390 3646 est,
415 3575 496 3652 quod
518 3595 635 3653 semper
656 3579 687 3634 in
710 3576 910 3652 thermopolio
934 3595 996 3632 esse
1020 3575 1169 3646 dicuntur,
1197 3595 1273 3651 quos
1295 3596 1380 3652 quum

258 3679 384 3736 maxime
406 3680 437 3735 in
460 3677 561 3753 platea
589 3685 724 3736 constare
753 3685 783 3736 et
810 3677 929 3736 obstare
953 3675 1048 3736 dicit?
1074 3677 1250 3749 ¹Proximus
1273 3699 1379 3749 remus,

259 3779 310 3839 ubi
332 3777 539 3854 significantur
561 3783 670 3858 inopiae
694 3787 809 3840 tantum
832 3801 920 3840 causa
942 3783 973 3838 in
996 3780 1116 3857 publico
1140 3783 1263 3852 versari,
1294 3800 1380 3858 quum

259 3883 387 3960 primum
411 3885 526 3959 argenti
549 3883 664 3960 aliquid
685 3883 904 3959 subripuerint,
939 3886 970 3941 in
997 3885 1141 3959 cauponis
1166 3861 1281 3954 latere,
1312 3883 1381 3942 ferri

259 3988 371 4062 possit;
398 3980 445 4044 hic
469 3987 588 4063 quidem
612 3997 715 4064 aperte
738 3989 856 4063 spurius
879 3991 933 4044 est.
959 4017 999 4026 -
1023 3987 1093 4044 294.
1117 3982 1273 4046 incedunt.
1296 3985 1381 4044 Both.

263 4085 463 4160 „abcedunt“;
493 4089 518 4146 si
546 4090 634 4147 nimis
663 4087 786 4148 offendit
815 4088 917 4146 eadem
948 4107 1005 4147 vox
1033 4090 1064 4146 in
1094 4108 1148 4146 sex
1175 4087 1307 4148 versibus
1338 4095 1384 4146 ter

259 4193 370 4268 posita,
396 4191 530 4267 equidem
556 4189 701 4266 „cedunt“
728 4191 869 4263 scribam,
893 4197 927 4250 ut
949 4191 1017 4248 Aul.
1043 4191 1113 4249 509.
1144 4219 1187 4230 -
1209 4197 1384 4268 690110616-

259 4295 369 4351 riorem
392 4293 545 4370 producit,
576 4315 604 4353 v.
628 4293 746 4368 Proleg.
768 4315 797 4372 p.
825 4295 893 4353 195.
939 4291 984 4352 Fl.
1012 4288 1096 4364 ,hic“
1130 4292 1224 4351 addit.
1247 4323 1289 4332 -
1310 4293 1385 4352 295.

261 4392 415 4454 excutiam
444 4395 558 4456 Camer.
583 4415 655 4469 em.;
689 4395 784 4473 Gepp.
812 4397 990 4468 „excisam“.
1042 4394 1089 4454 Ita
1118 4397 1149 4452 in
1178 4415 1228 4454 eos
1254 4397 1386 4472 impetus
