2922 5006
138 477 171 544 V,
183 482 205 544 1,
217 479 319 533 18-33
408 539 413 552 ⁴
646 475 763 546 Captiui.
1205 481 1265 545 201

575 665 835 732 Philocrates

133 774 273 841 Postulo
295 773 355 841 abs
377 781 420 856 te,
441 779 479 840 ut
501 773 582 840 mihi
603 775 695 841 illum
717 773 837 840 reddas
861 792 1000 852 seruom,
1024 793 1121 856 quem
1139 771 1194 841 bic
1215 793 1267 841 re·

856 881 1018 965 liqueram

129 991 260 1074 Pignus
283 1013 343 1076 pro
366 1012 428 1071 me,
452 992 507 1074 qni
530 990 610 1057 mihi
632 991 747 1056 melior
771 1011 870 1074 qnam
893 990 957 1056 sibi
979 1011 1108 1074 semper
1129 987 1201 1072 fuit,

129 1100 200 1166 Pro
224 1099 407 1166 benefactis
431 1100 502 1166 eius
524 1106 561 1165 ut
584 1101 612 1164 ei
633 1087 775 1184 pretium
799 1099 920 1184 possim
942 1097 1090 1164 reddere.
1216 1113 1268 1170 915

640 1258 694 1324 He
728 1261 765 1324 io

129 1369 232 1447 Quod
259 1375 339 1435 bene
362 1367 479 1446 fecisti,
503 1367 664 1432 referetur
687 1279 797 1450 gbatia
818 1366 853 1432 id
876 1366 963 1449 qnod
986 1367 1142 1450 postulas.

126 1479 176 1544 Et-
201 1477 236 1542 id
261 1485 294 1543 et
316 1475 418 1553 aliud,
442 1474 529 1558 quod
551 1497 602 1540 me
626 1475 742 1568 erebia,
765 1475 963 1559 inpetrabis3
986 1481 1086 1560 atque
1109 1481 1141 1541 te

125 1587 249 1652 Nolim
272 1605 476 1665 suscensere,
500 1583 587 1669 quod
611 1603 670 1665 ego
694 1583 797 1648 iratus
821 1584 850 1648 ei
873 1582 937 1649 ieci
959 1583 1054 1648 male.

575 1751 835 1816 Philocrates

126 1859 225 1938 Quid
248 1856 382 1925 fecisti?

638 1988 693 2054 He
728 1991 764 2054 io

437 2097 476 2162 In
497 2097 690 2182 lapicidinas
701 2010 924 2180 gconpeditum
949 2095 1090 2176 condidi,

36 2247 38 2249 ·
123 2207 204 2274 Ubi
225 2206 346 2272 resolui
369 2205 448 2270 mihi
471 2205 551 2272 data
574 2225 647 2271 esse
670 2205 781 2270 uerba.
853 2212 858 2223 ’

574 2363 834 2430 Philocrates

817 2471 886 2538 Uae
910 2473 1029 2538 misero
1052 2471 1146 2554 mihi3
1215 2488 1267 2543 940

121 2583 280 2664 Propter
301 2601 409 2648 meum
432 2587 531 2665 caput
553 2579 682 2646 labores
705 2579 827 2646 homini
851 2581 998 2646 euenisse
1022 2586 1166 2664 optumo.

635 2739 690 2805 He
722 2743 762 2806 io

122 2853 177 2916 At
204 2847 248 2915 ob
271 2869 344 2914 eam
365 2867 435 2913 rem
457 2847 537 2912 mihi
559 2761 786 2951 libellamgpro
811 2869 849 2913 eo
873 2849 1062 2930 argentine
1086 2845 1175 2928 duis;

124 2956 266 3024 Gratiis
288 2977 308 3022 a
330 2976 391 3036 me,
415 2961 452 3022 ut
475 2957 519 3021 sit
541 2954 635 3036 liber,
659 2955 780 3020 ducito.

576 3113 834 3180 Philocrates

817 3221 955 3306 Edepol,
978 3221 1094 3304 Hegio,

122 3332 234 3400 Facis
256 3331 410 3415 benigne3
435 3329 493 3396 sed
517 3351 647 3413 quaeso,
670 3331 833 3396 hominem
857 3338 893 3396 ut
915 3329 1030 3396 iubeas
1054 3331 1188 3396 arcessi.

639 3489 764 3573 Hegio

1162 3597 1264 3663 Licet.

123 3707 203 3775 Ubi
228 3706 307 3770 estis
330 3705 411 3771 uos?
433 3706 479 3771 ite
502 3712 659 3787 actutum,
683 3707 870 3792 Tyndarum
892 3705 956 3772 huc
978 3705 1142 3771 arcessite.
1214 3721 1267 3776 945

123 3816 206 3884 Uos
230 3814 275 3879 ite
299 3815 404 3894 intr03
427 3813 559 3880 interibi
583 3836 642 3898 ego
666 3837 704 3880 ea
729 3815 790 3880 hac
813 3821 925 3881 statua
947 3813 1108 3880 uerberea
1130 3813 1206 3880 nolo

124 3923 320 4006 Erogitare,
342 3943 414 3987 meo
438 3923 563 3988 minore
588 3924 667 4008 quid
691 3925 734 3990 sit
756 3923 881 3989 factum
904 3922 982 3988 filio.

126 4033 205 4100 Uos
227 4029 339 4096 lauate
362 4029 505 4096 interibi.

205 4285 257 4339 935
276 4283 317 4336 uti
334 4283 457 4352 precium
519 4286 569 4338 936
585 4287 699 4353 positor
716 4293 779 4342 ante
796 4290 859 4342 934.
930 4288 980 4342 937
999 4285 1149 4356 imperabis
1215 4288 1267 4342 943

126 4371 225 4444 gratis
282 4368 397 4426 educito
450 4371 500 4423 946
518 4371 593 4424 inter
612 4371 658 4425 ibo
712 4389 827 4426 uersare
846 4370 929 4427 anolo
