2956 5010
244 501 305 564 516
744 488 861 558 Geptini.

241 687 343 748 fictum
368 693 412 746 eet
435 683 616 759 abeumed03
648 691 690 746 eie
714 685 790 742 enim
813 686 871 742 iem
895 685 1010 760 antiqui
1034 684 1101 742 edd.
1126 711 1170 722 -·-
1192 677 1272 742 cailo
1294 692 1367 742 cett.

243 791 343 862 codd,
373 791 412 848 cf.
434 789 540 849 Peeud.
569 791 637 850 165.
682 788 764 846 Pero.
790 788 860 847 300.
891 816 931 826 ·-
955 781 1151 862 pertimetis
1179 793 1248 844 cett.
1281 787 1369 846 codd.

245 923 279 932 -
308 895 379 952 900.
405 887 491 952 Nam
514 888 543 950 ei
564 887 629 951 aiio
651 905 824 960 mmmm,
849 889 886 948 cf.
910 889 948 948 ed
970 887 1078 966 Amph.
1105 891 1174 948 104.
1229 891 1300 960 „elii
1321 889 1367 948 ei“

242 994 328 1054 Both.
353 979 465 1053 Ft-
486 1009 574 1054 moro
597 994 652 1067 est,
674 993 711 1052 of.
737 993 814 1064 3953
847 994 866 1050 i.
891 1012 916 1049 e.
939 992 1059 1066 longum
1081 1001 1142 1066 eet,
1175 994 1212 1051 ci.
1236 993 1370 1068 Madvig.

242 1094 294 1154 Gr.
317 1095 384 1154 Let.
409 1096 469 1156 348
499 1117 526 1167 e,
559 1103 620 1156 not
644 1097 735 1156 Poen.
760 1097 836 1154 924:
875 1115 972 1164 „nunc
993 1097 1018 1153 ei
1047 1095 1148 1154 eedem
1177 1095 1224 1154 hic
1252 1097 1370 1166 iterem.

242 1194 423 1258 inscitieet“.
465 1199 546 1258 Trin.
575 1201 670 1258 1186:
698 1201 741 1269 „ei
764 1217 819 1275 pro
842 1199 973 1276 peccetis
996 1203 1112 1256 centnm
1136 1199 1227 1256 ducet
1248 1217 1370 1266 uxores,

169 1306 174 1318 “
242 1321 349 1378 perum
372 1299 450 1360 eet‘'.
484 1329 526 1340 -
560 1303 619 1360 901
650 1321 738 1378 quum
767 1319 872 1378 perum
902 1301 989 1377 plene
1016 1301 1147 1360 traditus
1170 1307 1260 1370 esset,
1296 1299 1371 1358 olim

243 1403 413 1480 suppletum
439 1410 517 1462 eret:
553 1404 656 1475 „Nunc
677 1403 726 1462 ibo
749 1406 779 1462 in
802 1423 897 1460 meam
919 1403 1173 1480 praefectureni‘·;
1197 1421 1251 1476 ego
1275 1403 1371 1460 melu-

243 1525 339 1563 ernm:
378 1505 482 1578 „Nunc
504 1507 563 1577 ibo,
587 1515 621 1564 ut
643 1505 863 1582 praefecturam
886 1503 1013 1564 ineem“.
1064 1505 1121 1564 Sed
1145 1504 1314 1583 Geppertne
1340 1509 1371 1563 in

243 1607 449 1681 Ambrosiam,
473 1609 510 1667 de
522 1611 603 1668 cuiue
615 1609 789 1683 fragmentis
806 1627 834 1666 r.
847 1629 876 1685 p.
891 1609 962 1679 459,
981 1608 1085 1666 haecce
1098 1610 1206 1682 legieee
1223 1615 1371 1666 testetur:
1466 1625 1467 1646 ι

341 1757 432 1772 .....
456 1711 663 1772 BOUTPROP
912 1709 1268 1772 RAMUTIUSDICAML

244 1835 335 1892 quere
354 1817 463 1892 recepi,
487 1814 569 1892 quod
586 1814 637 1872 ille
654 1814 819 1892 eupplevit:
845 1821 898 1886 „nt
914 1831 1071 1891 properem
1086 1815 1117 1872 in
1129 1814 1370 1890 proieotnrem“.

243 1921 379 1994 quemvis
407 1921 536 1994 spetiem
566 1937 690 1976 vacuum
718 1937 777 1976 non
807 1921 960 1992 congruet.
1015 1915 1169 1974 Pereeitns
1205 1923 1299 1976 eutem
1338 1937 1371 1973 se

244 2040 308 2079 cum
325 2014 479 2095 praesecto
509 2021 567 2078 iuri
591 2019 718 2078 dicundo
742 2025 898 2096 comperet
928 2016 978 2091 (of.
1001 2018 1065 2076 Cae.
1091 2020 1145 2076 99:
1186 2018 1280 2089 „Quin
1300 2023 1372 2076 ruri

243 2142 283 2193 ee,
307 2124 338 2180 iu
361 2122 547 2199 praefectura
569 2118 687 2194 tue?“),
712 2125 823 2200 quippe
846 2124 893 2180 oni
916 2141 1029 2180 summe
1050 2141 1097 2180 ree
1120 2121 1231 2180 ciborio
1253 2121 1372 2178 credite

243 2227 298 2298 eit;
326 2222 381 2286 ius
403 2231 500 2284 eutem
524 2227 568 2284 ite
589 2245 620 2282 ee
644 2226 793 2284 dicturum
818 2245 882 2282 esee
905 2227 961 2296 eit,
992 2231 1027 2284 nt
1046 2221 1157 2300 pernis
1180 2226 1372 2281 incarnatio

243 2327 456 2404 pendentibus,
492 2329 577 2404 queei
607 2330 679 2400 rein,
718 2331 769 2404 qui
804 2327 975 2386 indemnata
1011 2345 1099 2384 eenee
1127 2327 1261 2403 euepenei
1288 2325 1369 2383 indi·

244 2432 321 2487 cium
339 2436 502 2507 expectent,
527 2427 682 2490 auxilium
699 2428 790 2508 ferat,
810 2449 846 2488 ne
865 2429 992 2506 emplius
1010 2431 1124 2488 incerte
1140 2447 1194 2504 epe
1212 2435 1242 2486 et
1258 2429 1370 2485 timore
1465 2441 1466 2512 p

243 2533 402 2608 pendeant.
426 2561 468 2572 ·-
489 2527 689 2594 indemnatae
711 2539 779 2590 cett.
804 2531 889 2590 codd.

332 2635 403 2693 903.
439 2635 592 2694 Pereeitue
615 2644 776 2713 postquem
801 2635 889 2692 eedee
911 2635 1049 2706 intravit,
1072 2654 1146 2712 opus
1168 2635 1226 2694 eibi
1247 2635 1368 2692 menda·
1465 2685 1466 2708 ff

244 2742 306 2794 tum
331 2740 375 2794 ite
397 2745 497 2810 curet,
527 2745 561 2797 ut
582 2741 733 2817 promisit,
768 2758 833 2796 oum
864 2757 978 2796 summe
1005 2743 1172 2796 ceterorum
1196 2743 1370 2798 cooeterna·

244 2843 335 2897 tione.
380 2839 487 2916 Itaque
510 2861 584 2916 puer
607 2843 716 2917 eliquie
729 2840 936 2900 -celeinitetem
961 2839 1066 2898 domuc
1089 2859 1166 2914 egre
1184 2841 1279 2898 serene
1294 2839 1368 2911 exit,

243 2948 278 2999 ut
307 2941 460 3005 dominum
490 2949 606 3019 qureret
635 2945 720 3020 eique
750 2950 847 3000 omnic
875 2951 986 3000 nerret.
1042 2941 1196 3019 Temporis
1229 2943 1367 3018 epatium,

244 3044 323 3122 quod
352 3046 431 3102 inter
459 3046 684 3104 antecedentem
714 3065 846 3115 scenam,
882 3052 912 3101 et
939 3045 1015 3102 hano
1042 3046 1243 3104 intereeeeieee
1265 3045 1368 3100 existi·

243 3147 381 3204 mendum
412 3154 474 3218 eet,
510 3150 540 3204 in
570 3148 686 3221 egendo
714 3146 817 3206 fabula
845 3151 1039 3223 perexiguum
1061 3147 1153 3206 fuisse
1177 3147 1366 3218 crediderim

243 3251 268 3306 ei
286 3249 365 3326 quod
383 3250 447 3322 fuit,
472 3250 604 3308 tibicinis
623 3257 726 3308 eeutue
738 3249 926 3310 intervallum
939 3249 1086 3326 explevit;
1108 3271 1137 3308 v.
1151 3249 1281 3308 eddsin.
1295 3249 1365 3308 803.

330 3351 424 3410 Scene
435 3355 596 3410 octonariis
609 3352 743 3410 iembicie
757 3353 869 3428 scripte
881 3359 934 3412 eet.
971 3346 1133 3428 Diespiter
1151 3355 1180 3412 te
1196 3349 1286 3430 dique
1293 3367 1365 3427 per·

245 3450 328 3530 dant,
352 3455 388 3514 ci.
409 3457 486 3514 862:
512 3455 669 3532 „Iuppiter
688 3459 719 3512 te
741 3455 831 3531 dique
853 3453 1014 3532 perdenti“
1052 3454 1107 3514 Est
1123 3457 1200 3514 enim
1218 3454 1366 3532 Diespiter

244 3575 325 3629 non‚.
350 3563 384 3614 ut
406 3557 501 3615 Verre
526 3557 558 3616 L.
583 3557 617 3616 L.
642 3556 676 3630 V,
702 3559 741 3616 66
765 3569 867 3618 censet
893 3559 975 3632 „dieo
999 3555 1059 3630 (vel
1082 3555 1154 3629 diei)
1178 3559 1294 3636 peter‘',
1315 3557 1365 3615 eed

244 3656 348 3716 Diovie
362 3654 395 3731 (i.
409 3677 434 3716 e.
447 3658 598 3736 Iuppiter)
611 3667 709 3737 peter,
722 3662 759 3720 cf.
773 3661 853 3720 Feet.
867 3660 948 3739 Epit.
960 3681 990 3736 p.
1006 3662 1075 3718 115.
1088 3689 1131 3700 -
1148 3662 1220 3718 904.
1237 3654 1366 3734 posthac

245 3766 314 3820 cett.
334 3760 420 3820 cedd.
443 3789 485 3800 -
509 3764 580 3822 905.
609 3755 723 3823 Clades
742 3769 811 3822 cett.
830 3763 914 3822 codd.
932 3792 975 3802 -·
997 3759 1203 3837 temperies,
1226 3783 1265 3821 ec.
1284 3763 1362 3829 eecli,

243 3868 417 3942 tempestae.
430 3893 472 3904 -
493 3865 563 3923 900.
587 3863 699 3924 Versus
717 3864 874 3937 claudicet,
887 3867 944 3924 niei
961 3865 1061 3922 hiatur
1078 3871 1205 3941 postne.
1234 3865 1361 3924 Lindem.

243 3969 417 4043 proposuit:
445 3966 554 4040 „Queei
575 3964 612 4040 [ei
631 3965 683 4042 eit]
703 3967 823 4044 lupue“,
847 3967 989 4044 Geppert.
1005 3967 1113 4039 „Quasi
1133 3968 1222 4046 lupue
1240 3971 1363 4027 esuriens

246 4061 425 4144 [nemrim
455 4069 503 4128 Br.
528 4069 671 4128 Rothium
699 4082 817 4130 secutus
843 4069 952 4143 „Quasi
976 4065 1111 4144 [eeeet]“‚
1137 4070 1244 4130 Gertz:
1279 4069 1362 4145 „mihi
1464 4061 1465 4064 ’

244 4169 371 4244 metoi“‚
395 4191 465 4248 ego:
492 4193 547 4246 „ne
569 4175 600 4230 in
623 4191 669 4230 me
693 4171 841 4250 quoque“.
869 4203 912 4212 —
942 4173 1003 4232 997
1027 4193 1063 4230 ex
1084 4175 1219 4247 vestigiie
1241 4174 1362 4232 Ambro-

245 4273 337 4332 eieci:
365 4273 513 4334 UBINOL
539 4319 718 4335 .........
744 4275 769 4331 R
792 4317 1073 4334 ..............
1099 4275 1157 4336 UM
1182 4276 1362 4334 concinnavit
