2928 5010
802 493 894 550 Plauti
1229 496 1263 563 ll,
1273 500 1299 563 3,
1310 499 1403 553 36-00

712 683 975 750 Philocrates

626 791 717 871 Qtiae
740 794 880 872 memini,
903 813 996 859 mora
1018 799 1141 858 merest
1163 795 1340 860 monericr.
1362 811 1403 866 000

740 899 950 984 Tyndarus

282 1006 326 1072 Ut
348 1029 422 1072 enm
444 1008 585 1074 redimet
613 1014 646 1074 et
668 1009 816 1074 remittat
837 1015 986 1074 nostrum
1007 1007 1269 1076 hucamborum
1292 1011 1402 1076 uicem.

720 1116 978 1184 Philocrates

283 1225 472 1291 Meminero.

783 1333 907 1417 Hegio

337 1443 379 1506 dt
391 1462 490 1526 quem
501 1442 642 1526 primum
652 1427 790 1527 poterit3
811 1440 923 1525 [istnc]
936 1442 969 1505 in
982 1463 1051 1507 rem
1062 1444 1229 1526 utriquest
1245 1464 1399 1509 maxume.

719 1549 975 1615 Philocrates

284 1658 356 1724 Non
378 1666 469 1724 00οι0
491 1665 528 1724 00
550 1659 654 1741 magis
677 1658 790 1724 nidere
813 1678 911 1741 qnam
934 1657 989 1723 ille
1013 1679 1108 1724 sunm
1129 1667 1267 1742 gnatum
1290 1663 1386 1745 cupit.

781 1766 908 1850 Hegio

239 1939 245 1950 ,
283 1862 375 1940 Mens
398 1874 487 1954 mihi,
511 1897 590 1940 0000
614 1875 791 1960 quoiquest
812 1895 918 1939 carus.

713 1981 977 2050 Philocrates

924 2089 1009 2156 Num
1032 2090 1111 2176 quid
1134 2091 1225 2158 alind
1248 2093 1299 2158 uis
1322 2093 1401 2176 patri

282 2199 459 2265 Nuntiari?

743 2309 952 2394 Tyndarus
1139 2383 1141 2388 ,

508 2417 561 2482 Me
583 2417 604 2498 t
626 2417 679 2484 hic
701 2419 822 2498 ualere,
847 2424 881 2484 et
902 2425 973 2482 tute
996 2416 1154 2482 audacter
1177 2416 1289 2496 dicito,
1355 2433 1403 2486 400

283 2525 442 2608 Tyndaro,
465 2526 551 2590 inter
573 2547 633 2590 000
656 2525 757 2591 luisse
780 2527 909 2609 ingenio
932 2524 1021 2590 haud
1044 2524 1269 2605 discordabili,

283 2633 398 2716 Neque
426 2639 460 2698 te
490 2634 708 2698 conmeruisse
736 2633 867 2718 culpam
896 2653 1001 2717 neque
1023 2640 1057 2698 te
1079 2633 1295 2699 aduersatum
1317 2632 1400 2709 mihi,

283 2741 436 2824 Beneque
458 2763 514 2806 ero
536 2741 677 2824 gessisse
699 2763 824 2807 morem
846 2745 880 2808 in
903 2742 1005 2807 tentis
1029 2742 1193 2807 aerumnis
1215 2748 1335 2820 tamen,

283 2849 397 2932 Neque
426 2848 502 2914 med
530 2870 684 2932 umquam
706 2850 887 2916 deseruisse
911 2857 943 2916 te
965 2871 1073 2934 neque
1094 2849 1192 2916 sactis
1214 2871 1321 2932 neque
1343 2847 1401 2914 fide

284 2958 393 3024 Rebus
414 2959 448 3024 in
472 2957 590 3037 dubiis,
613 2959 731 3042 egenis.
776 2957 867 3023 Haec
890 2965 984 3041 peter
1006 2959 1137 3041 quando
1161 2959 1253 3036 sciet,
1356 2972 1402 3026 400

283 3067 444 3152 Tyndare,
467 3073 504 3132 ut
526 3065 628 3132 lucris
651 3068 814 3132 animatus
837 3087 917 3150 erge
940 3087 1033 3132 snum
1057 3073 1191 3149 gnatum
1214 3071 1315 3149 atque
1336 3087 1375 3144 00,

283 3175 469 3260 Numquam
492 3177 554 3242 erit
576 3182 643 3240 tam
667 3198 796 3255 auarus,
821 3176 897 3258 quin
920 3182 953 3240 00
976 3177 1091 3258 gratiis
1115 3176 1247 3240 emittet
1269 3195 1371 3240 mann.

283 3285 327 3350 Et
348 3305 422 3350 mee
444 3305 555 3368 opera,
579 3285 606 3350 si
629 3285 707 3351 hinc
729 3285 847 3364 rebitc,
870 3283 998 3364 seciam,
1021 3291 1059 3349 00
1080 3283 1182 3349 faciat
1204 3283 1346 3362 facilius,

283 3393 365 3459 Nem
390 3398 450 3460 tue
472 3413 573 3476 opera
596 3399 628 3458 ct
652 3395 806 3458 comitate
829 3403 862 3457 ct
883 3394 1007 3458 uirtute
1030 3399 1064 3458 00
1086 3393 1251 3476 sepientis

284 3501 416 3581 Fecisti,
438 3507 476 3566 00
497 3500 603 3565 redire
626 3501 726 3566 liceat
748 3500 791 3566 ad
814 3502 961 3584 parentis
984 3502 1110 3588 denuo,¹
1353 3513 1401 3566 410

286 3608 391 3688 Quom
413 3608 502 3692 apud
524 3609 611 3674 hunc
634 3609 802 3676 confessus
825 3632 860 3674 00
884 3617 918 3676 00
939 3631 1042 3694 genus
1056 3616 1100 3701 ¹ct
1123 3610 1257 3704 diuitiae
1279 3629 1378 3683 meas3

286 3717 357 3796 Quo
380 3723 480 3802 pacto
505 3719 642 3782 emisisti
664 3739 682 3783 0
704 3719 821 3784 uinclis
844 3725 936 3784 tuum
960 3741 1050 3785 erum
1074 3726 1132 3784 tue
1155 3719 1323 3802 sapientia.

715 3825 979 3894 Philocrates

284 3935 363 4001 Feci
377 3955 435 4017 ego
448 3935 505 4017 ita,
517 3941 555 4000 nt
566 3955 800 4014 commemoras,
810 3943 843 4001 00
854 3943 887 4000 00
900 3937 1085 4002 meminisse
1097 3936 1130 4002 id
1144 3941 1305 4019 gratumst
1315 3930 1399 3997 mihi.

285 4043 405 4110 Merito
426 4043 489 4108 tibi
511 4064 551 4108 00
573 4049 754 4108 euenerunt
775 4065 795 4109 0
817 4065 884 4125 me;
907 4067 984 4110 nam
1006 4067 1099 4126 nunc,
1121 4044 1328 4122 Philocrates,

285 4221 357 4228 ,-

355 4302 406 4354 397
423 4300 530 4369 poteris
600 4301 737 4355 cco-405
753 4317 811 4368 000,
829 4307 1003 4369 mareotem
1020 4303 1148 4358 cersidros.
1225 4303 1274 4356 402
1290 4313 1329 4352 me
1345 4292 1394 4347 ad-

287 4391 428 4440 uersatum
446 4386 498 4440 tibi
567 4389 618 4440 412
635 4386 755 4440 uinculis
824 4389 875 4440 413
892 4387 948 4442 iste
