2916 5006
534 527 695 580 V·⁶0-8⁷-
1112 539 1174 600 ccc

49 740 187 780 versuum
216 719 411 798 discriptione
439 722 616 782 metuerem:
655 722 746 796 „Nam
776 728 855 780 certe
885 725 916 782 in
948 729 1088 786 conuiuio
1112 727 1174 787 Sibi

50 829 180 896 ametor,
211 822 290 882 telos
313 843 403 900 quom
432 825 521 896 iecit,
556 829 687 884 scortum
714 819 870 898 inuocat“;
904 825 962 886 iam
986 827 1174 904 Seyffertiurn

49 933 175 1000 secutus,
200 925 308 986 Philol.
333 926 450 1000 XXIX,
474 947 504 1004 p.
529 929 605 1000 396,
629 929 797 1004 posteriore
812 929 884 988 *loco
905 944 999 990 suum
1020 933 1173 994 substitui.

49 1029 128 1088 Fieri
157 1035 260 1108 potest
285 1035 320 1090 nt
347 1031 484 1092 lecnnem
512 1032 663 1090 invenerit
691 1029 848 1104 librarius,
883 1053 949 1092 nem
972 1035 1078 1094 vitium
1100 1036 1129 1096 h.
1153 1037 1173 1096 l.

49 1135 232 1194 contraxisse
264 1133 469 1194 membranum
498 1139 624 1212 apperet
650 1154 686 1192 ex
715 1136 851 1211 proximo
885 1153 987 1208 versu,
1026 1137 1078 1196 nbi
1115 1141 1174 1198 iam

48 1238 163 1313 antiqui
193 1235 260 1296 edd.
284 1237 425 1296 viderunt
453 1236 596 1296 excidisse
625 1236 745 1296 verbnm
781 1237 1011 1300 substentivum.
1067 1239 1175 1300 Editur

49 1345 145 1398 sutem
169 1339 273 1414 vulgo:
311 1339 423 1412 „Estne
445 1341 615 1399 invocatum
638 1359 675 1398 an
699 1358 757 1400 non
781 1339 849 1400 est?
894 1341 950 1400 Est
970 1341 1173 1420 plenissime“.

50 1441 166 1502 Sufficit
189 1463 280 1502 unum
303 1436 379 1515 Est,
410 1445 435 1502 si
458 1443 572 1502 blatum
594 1445 625 1502 in
648 1462 759 1502 cesura
782 1443 932 1503 admittes.
955 1475 998 1486 -
1021 1447 1071 1506 ⁷5.
1100 1461 1175 1506 uero

50 1547 106 1604 inm
129 1550 207 1604 entt.
225 1545 308 1618 edd„
331 1546 368 1606 ci.
381 1545 465 1606 Cure.
481 1547 551 1604 375.
594 1541 735 1622 plantino,
759 1565 799 1606 so.
823 1548 953 1606 invoceti
977 1547 1113 1622 dicimur,
1137 1543 1175 1608 cl.

50 1648 136 1708 Truc.
165 1650 240 1708 168:
279 1649 343 1722 „An
367 1669 413 1708 me
437 1653 585 1708 mortuum
608 1645 778 1708 arbitrere?
823 1651 857 1708 Δ.
882 1648 939 1721 Qui
961 1651 1042 1726 potis
1070 1652 1175 1710 emsbc

50 1747 209 1828 plenius?“
252 1753 328 1810 625:
362 1751 445 1824 „Quo
462 1755 550 1828 pecto
567 1751 693 1824 excludi,
712 1771 831 1828 quseso,
849 1753 930 1829 potis
948 1757 996 1810 est
1012 1749 1172 1829 planius?“

51 1853 120 1912 Cist.
149 1855 221 1914 150.
248 1883 292 1896 -
320 1852 370 1914 77.
410 1849 509 1931 Quasi
529 1869 649 1927 murco,
684 1855 720 1914 cs.
744 1854 824 1914 Pers.
851 1855 907 1914 58:
944 1857 1048 1931 „qnasi
1078 1875 1176 1915 mures

51 1975 168 2034 semper
193 1956 282 2016 edere
305 1957 434 2016 slienum
457 1955 584 2016 cibnm“.
625 1957 771 2016 Similiter
792 1957 941 2032 Diogenes
963 1977 1054 2035 quum
1077 1977 1176 2018 mures

52 2079 159 2120 menses
184 2079 246 2118 sum
268 2059 461 2137 subrepentes
484 2058 623 2132 vidisset,
655 2059 743 2132 Ecce,
773 2061 885 2138 inquit,
916 2060 1003 2120 etism
1027 2059 1176 2136 Diogenes

51 2165 201 2239 parasitos
224 2151 286 2236 elit,
310 2183 337 2222 v.
354 2162 442 2237 Diog.
467 2161 567 2222 Laert.
585 2163 635 2235 VI,
660 2164 710 2222 40.
735 2193 777 2204 -
800 2165 849 2222 73.
879 2156 941 2224 Ubi
961 2158 1177 2239 reeprolaiae

52 2267 139 2340 sunt,
163 2265 216 2324 nbi
239 2285 286 2326 res
308 2268 371 2324 sive
394 2284 491 2324 ceusn
513 2265 645 2326 forenses
668 2272 700 2326 et
722 2265 877 2326 iudicieles
901 2267 932 2324 in
956 2265 1037 2324 nlind
1059 2271 1176 2345 tempus

52 2371 170 2428 reiectae
193 2374 271 2442 sunt,
295 2369 376 2446 quod
397 2367 487 2428 tiebat
509 2369 557 2426 vel
579 2373 705 2448 propter
726 2369 813 2429 ludos
836 2375 866 2428 et
881 2368 971 2428 serias
989 2369 1036 2428 vel
1053 2373 1177 2448 propter

53 2475 119 2530 enni
142 2477 262 2549 tempus
284 2473 375 2530 nimio
398 2471 496 2532 calore
519 2471 687 2544 molestum,
711 2493 802 2550 qnurn
819 2471 947 2534 Rcmsni
966 2471 1081 2532 nobiles
1103 2471 1178 2530 urbe

54 2575 156 2634 relicte
180 2595 230 2634 rus
258 2573 402 2652 proficisci
430 2573 580 2648 solebent;
615 2575 651 2634 cf.
676 2574 736 2635 Cic.
764 2595 794 2652 p.
818 2575 933 2634 Mures.
961 2577 1008 2649 13,
1033 2577 1083 2634 28.
1129 2573 1177 2634 ad.

55 2677 85 2748 Q.
108 2679 129 2738 f.
154 2677 209 2750 III,
234 2679 262 2749 8,
286 2680 315 2736 4.
362 2677 400 2736 nd
423 2679 514 2736 Attio.
539 2677 602 2750 VH,
629 2679 677 2750 12,
702 2680 731 2738 2.
756 2707 793 2720 -
820 2681 869 2738 80.
893 2675 994 2757 qnasi,
1018 2698 1045 2737 v.
1069 2677 1177 2756 Amph.

58 2781 123 2841 159.
159 2775 286 2853 caletur,
309 2781 345 2839 cl.
359 2779 478 2840 Trncnl.
492 2783 548 2840 67:
577 2799 684 2858 „quom
702 2781 816 2840 celetur
833 2777 999 2840 maxume“.
1034 2779 1177 2853 Priscian.

55 2881 131 2958 VIII,
157 2884 207 2956 26,
231 2904 261 2960 p.
287 2885 346 2942 393
370 2883 407 2942 Η.
431 2913 473 2924 ’-
502 2885 551 2942 33.
582 2878 699 2943 occulto
721 2890 859 2960 correpte
881 2885 986 2960 prime,
1010 2903 1038 2942 v.
1061 2883 1177 2960 Prolsg.

54 3005 82 3062 p.
109 2989 179 3046 199.
224 2982 422 3048 miseritum
446 2985 689 3044 antecedentibus
711 2987 795 3044 iunxi
817 2985 962 3044 suadente
984 2985 1103 3058 Brixio,
1127 2987 1178 3062 qui

56 3089 172 3148 confert
193 3089 284 3147 Mero.
310 3089 381 3147 794.
426 3087 503 3146 Rud.
529 3089 599 3146 561.
623 3117 666 3128 -
693 3103 767 3148 suco
789 3103 864 3160 81403
893 3088 1075 3146 deteriorum
1099 3086 1179 3146 codi-

56 3211 118 3252 cum
140 3191 217 3252 ordo
238 3209 340 3250 versus
363 3211 452 3250 oense
473 3190 678 3268 preferendus
701 3195 773 3250 erst.
797 3219 838 3230 —
863 3191 912 3250 34.
942 3189 1064 3261 rurant,
1089 3193 1180 3248 rusti·

55 3301 167 3367 centur,
191 3295 317 3372 quesite
340 3293 552 3352 elliteratione.
572 3323 614 3334 —
632 3295 681 3352 85.
706 3307 810 3366 caneo,
833 3291 912 3369 quod
935 3293 966 3350 in
989 3291 1076 3350 codd.
1100 3292 1181 3351 ultre

55 3417 209 3456 numerum
237 3396 374 3469 additur,
409 3397 525 3474 antiqui
555 3395 623 3455 edd.
651 3415 707 3472 pro
735 3397 1003 3473 interpretemento
1033 3394 1180 3470 deterunt,

57 3505 148 3573 recte;
185 3497 230 3559 Fl.
255 3499 303 3558 Br.
334 3501 365 3558 in
392 3502 561 3578 proxImum
589 3519 708 3558 versum
734 3498 954 3558 transtulerunt
982 3497 1082 3560 deleto
1112 3517 1177 3558 voc.

56 3617 113 3661 res,
164 3601 205 3660 Et
236 3603 378 3661 Inusitate
407 3601 466 3662 dici
494 3618 546 3662 res
572 3597 677 3662 redire
704 3605 837 3678 appetet,
867 3599 919 3658 sed
946 3601 1111 3678 parasitum
1139 3602 1182 3660 sic

56 3703 138 3782 loqui
171 3705 305 3782 potuisse
337 3725 395 3764 non
429 3707 610 3782 negaverim,
645 3724 700 3764 nec
722 3703 864 3798 Bothiup
892 3709 923 3761 et
944 3702 1181 3764 Lindemannum

58 3807 150 3882 probo
181 3803 287 3880 „rure“
320 3807 492 3866 scribentes.
568 3799 711 3868 Venetici
750 3825 836 3865 cenes
864 3807 992 3884 graciles
1019 3811 1051 3864 et
1079 3807 1180 3880 macri,

61 3903 226 3970 Molcseici
247 3911 372 3987 pingues
396 3916 426 3968 et
448 3909 544 3983 obesi;
568 3929 637 3968 nem
659 3909 722 3968 iere
744 3907 824 3968 domi
847 3907 1006 3968 menebent
1029 3911 1060 3966 et
1077 3907 1182 3966 domus

60 4017 111 4070 ent
131 4013 230 4090 gregis
253 4012 456 4072 custodieudae
480 4033 567 4072 oense
589 4011 755 4072 elebantur.
778 4041 819 4052 -
850 4014 900 4072 87.
930 4010 1056 4070 Odiosos
1084 4017 1115 4068 et
1138 4013 1180 4068 in·

61 4114 229 4174 commodos
251 4117 399 4192 peresitos
422 4113 532 4188 dicens,
559 4113 627 4172 inde
651 4133 769 4192 quoque
791 4115 902 4184 comico
926 4133 1007 4173 more
1030 4113 1182 4189 gentilicis

62 4219 180 4276 nomine
200 4217 320 4278 formet.
343 4245 386 4256 -
415 4218 464 4276 38.
499 4211 563 4290 bem
597 4215 748 4292 Gelydone
769 4237 817 4276 res
839 4217 953 4292 agitur,
982 4216 1034 4276 sed
1056 4215 1182 4276 Plautus

63 4337 90 4378 v.
113 4322 152 4382 90
176 4339 230 4380 suo
259 4339 339 4380 more
368 4319 501 4379 Romane
528 4319 594 4378 loce
622 4318 771 4380 admiscet.
802 4350 843 4360 -
877 4313 1038 4398 colapbOS,
1067 4319 1181 4396 elepes.

64 4420 189 4482 Iniuriae
229 4423 459 4482 adolescentium
492 4422 682 4500 gravissimas
714 4423 838 4498 perasiti
870 4442 950 4500 sape
983 4421 1181 4500 petiebnntur,

945 4535 980 4588 30
