2922 5006
254 526 316 588 246
768 521 861 578 Plauti
1148 518 1352 591 1v‚1‚1a-ao

257 709 485 796 symbolarum
507 709 694 776 conlatores
718 709 806 794 apud
828 708 935 776 iorum
958 710 1143 795 piscarium.

254 818 293 884 ln
314 817 386 885 foro
409 815 533 884 intumo
555 817 634 885 boni
656 817 807 885 homines
830 825 929 901 atque
951 818 1036 886 dites
1058 817 1244 900 ambulant;

253 927 292 992 In
313 926 422 993 medio
444 930 582 1011 propter
604 925 751 992 canalem
773 927 820 992 ibi
843 933 1064 994 ostentatores
1087 929 1185 1008 meri3
1315 945 1354 998 tto

255 1032 464 1102 Confidentes
486 1033 675 1118 garrulique
698 1041 733 1100 et
754 1035 910 1102 malenoli
933 1057 1033 1121 supra
1053 1035 1173 1116 laeum,

256 1143 320 1222 Qui
342 1144 440 1210 alteri
462 1142 503 1208 de
524 1141 626 1210 nihilo
649 1142 807 1209 audacter
830 1143 945 1212 dieunt
966 1145 1198 1211 contumeliam

252 1252 298 1317 Et
318 1255 376 1338 qui
398 1253 463 1337 ipsi
485 1257 538 1317 sat
559 1250 693 1332 habent,
715 1251 802 1334 quod
824 1253 859 1316 in
881 1272 915 1318 se
938 1253 1042 1337 possit
1063 1273 1141 1319 uere
1164 1253 1272 1319 dicier.

252 1359 321 1428 Sub
343 1359 512 1426 ueteribus
534 1360 582 1425 ibi
603 1367 687 1440 sunt,
716 1361 771 1442 qui
795 1360 876 1424 dant
898 1361 1019 1444 quique
1041 1361 1210 1446 accipiunt
1230 1361 1337 1428 fenore.

252 1469 343 1535 Pone
354 1468 469 1535 aedem
481 1465 628 1534 Castoris
644 1467 691 1533 ibi
708 1475 794 1548 sunt,
819 1467 929 1536 subito
942 1469 1060 1552 quibus
1073 1469 1190 1536 oredas
1202 1470 1293 1536 male.
1317 1487 1357 1540 tao

255 1575 293 1642 ln
315 1577 421 1642 Tusco
443 1577 518 1643 uioo
540 1575 587 1641 ibi
611 1581 688 1642 aunt
709 1575 866 1654 homines,
890 1577 946 1659 qui
968 1578 1033 1662 ipsi
1055 1597 1127 1644 sese
1151 1579 1325 1644 uenditant.

253 1683 306 1769 [in
327 1683 470 1751 Uelabro
492 1684 545 1752 uel
567 1685 725 1769 pistorem
747 1683 801 1750 uel
824 1685 947 1752 lanium
969 1685 1024 1750 uel
1046 1685 1255 1770 haruspicem
1436 1773 1437 1778 ἵ

252 1793 315 1859 Uel
337 1795 393 1876 qui
415 1793 477 1877 ipsi
499 1799 632 1860 nortant
654 1791 707 1858 uel
731 1794 787 1875 qui
809 1793 884 1858 aliis
907 1793 966 1858 ubi
988 1801 1163 1860 uorsentnr
1184 1793 1356 1879 praebeant.
1436 1831 1437 1868 t

252 1902 338 1968 Ditis
361 1902 537 1969 damnosos
560 1902 697 1966 maritos
720 1901 807 1985 apud
831 1901 1026 1967 Leucadiam
1050 1900 1215 1987 Oppiam]

254 2009 319 2076 Sed
335 2011 467 2077 interim
482 2008 568 2076 fores
585 2030 758 2094 crepuere;
780 2009 912 2093 linguae
931 2009 1200 2076 moderandumst
1216 2010 1301 2077 mihi.
1317 2027 1359 2080 485

462 2513 705 2583 PARASITUS.
751 2515 876 2582 LENO.
922 2516 1169 2585 TRAPEZITA.

721 2691 913 2759 Curculio

253 2801 326 2866 Itu
348 2821 437 2885 prae,
459 2801 570 2884 uirgo;
593 2822 658 2867 non
681 2821 773 2884 queo,
797 2801 883 2884 quod
905 2823 989 2885 pone
1012 2807 1106 2882 mest,
1130 2823 1268 2870 semare.
1346 2785 1350 2794 ’
1435 2881 1436 2884 ¹

254 2909 298 2974 Et
320 2929 437 2975 aurum
460 2915 494 2975 et
515 2917 641 2975 uestem
664 2929 793 2975 omnem
818 2931 911 2975 suam
935 2931 1005 2976 esse
1028 2910 1148 2993 aiebat
1171 2933 1266 2997 quam
1286 2909 1357 2976 haee
1435 2921 1436 3006 ζ

968 3017 1115 3085 haberet.

702 3146 920 3233 Cappadox

251 3257 354 3323 Nemo
377 3257 404 3324 it
425 3255 555 3324 infitias.

719 3385 910 3454 Curculio

608 3497 782 3562 Attamen
805 3493 1066 3562 meliusculnmst
1088 3505 1237 3562 monera

761 3636 791 3701 L
826 3657 866 3702 oo

252 3737 417 3810 Memento
439 3745 628 3828 promisisse
650 3753 693 3824 te,
718 3747 744 3810 si
769 3659 943 3828 qdisquam
965 3745 1052 3812 hano
1074 3745 1203 3810 liberali

253 3849 361 3918 Causa
377 3872 475 3918 manu
493 3852 671 3934 adsereret,
693 3851 773 3918 mihi
785 3875 880 3919 omne
891 3859 1065 3937 argentum
1076 3852 1240 3919 redditum
1249 3851 1296 3929 iri,
1312 3859 1358 3916 490

252 3959 359 4026 Minas
381 3961 528 4044 triginta.

318 4242 370 4296 4⁷6
388 4237 553 4295 Confitentis
605 4241 656 4295 483
679 4240 728 4308 qni
746 4239 793 4293 alii
810 4239 1009 4294 subuel-santur
1026 4239 1165 4310 prebeant
1217 4235 1301 4293 Timo
1317 4227 1360 4284 ad·

252 4326 356 4380 duntur
371 4323 564 4382 nonianus.
583 4323 735 4380 nnuma
785 4327 836 4380 486
854 4324 889 4378 Ei
907 4331 938 4378 tu
955 4341 1007 4394 pro
1027 4325 1062 4380 de
1079 4325 1161 4394 uirgo
1213 4323 1262 4378 487
1278 4316 1362 4372 aiebat

253 4410 383 4478 cuiquam
434 4413 486 4466 488
503 4408 618 4465 mfioiaa
637 4409 692 4465 LY.
710 4411 750 4464 At
801 4412 851 4464 489
869 4409 924 4463 LY.
944 4426 994 4464 om.
1047 4413 1099 4464 490
1115 4409 1162 4464 firi
