2916 5006
545 491 578 567 v'.
597 513 739 568 sao-ses.
825 564 828 572 ,
1139 525 1203 586 487

74 723 115 762 ne
137 723 264 780 puerum
286 703 436 782 perditum
459 703 647 784 perdamus“.
670 738 712 748 -
742 709 813 768 443.
850 705 898 769 Ta
919 705 988 784 hoo,
1018 731 1082 770 oum
1106 712 1202 786 hiatu,

75 825 105 866 v.
134 805 272 883 Prolegg.
301 828 336 886 p.
362 810 432 868 219.
493 809 611 870 Miller.
642 815 672 868 et
706 810 786 870 Brix.
823 811 958 887 „Nunc“.
993 843 1035 854 -
1068 815 1202 892 Hegione

73 907 221 968 audiente
244 909 407 970 Philocrati
435 914 520 988 quasi
547 932 633 972 servo
662 933 715 972 suo
741 913 804 986 ,Tu
826 911 917 974 mihi“
949 918 991 974 eit
1016 937 1111 990 ,nunc
1135 938 1202 978 erus

74 1008 142 1070 es“.
168 1041 205 1052 -
232 1012 303 1072 446.
326 1009 373 1074 Et
396 1015 449 1074 166
472 1015 499 1074 et
521 1014 583 1090 tua,
606 1015 706 1074 fictam
730 1016 813 1074 illam
836 1015 1034 1076 Philocratem
1058 1027 1088 1078 ot
1112 1020 1201 1096 degi-

72 1133 164 1172 onem
189 1114 323 1191 appellat
343 1121 504 1194 utrumque
529 1117 621 1193 digito
644 1123 823 1192 monstrans,
847 1119 882 1176 cf.
906 1117 973 1178 Ter.
998 1120 1104 1182 Heaut.
1124 1125 1201 1181 977:

80 1217 184 1290 „Nihil
207 1237 365 1276 suscenseo
388 1238 442 1278 nec
469 1219 525 1276 tihi
555 1241 608 1278 neo
635 1216 719 1278 tibi“.
772 1220 816 1279 Pl.
841 1221 959 1280 Trucul.
984 1224 1061 1282 762:
1099 1224 1203 1302 „Egon

74 1319 136 1377 tibi
160 1319 334 1378 maledicam
359 1325 410 1378 aut
432 1317 519 1380 tibi“.
564 1322 672 1400 Amph.
697 1325 768 1382 736.
813 1323 892 1384 Men.
920 1325 1017 1386 1054:
1049 1326 1111 1398 ,Tu
1135 1347 1202 1386 erus

74 1441 125 1494 ca,
155 1428 188 1480 tu
211 1442 330 1481 seruom
358 1442 484 1499 quaere3
518 1429 551 1482 tu
581 1425 710 1498 calueto,
745 1431 779 1484 tn
801 1421 899 1484 uale“.
955 1426 1061 1486 Pseud.
1088 1431 1147 1488 336
1172 1438 1203 1488 et

75 1525 152 1612 338.
200 1523 301 1584 Senec.
325 1524 434 1584 Troad.
461 1527 556 1584 1069:
583 1527 718 1599 „Tuosne
740 1530 841 1605 potius
864 1549 902 1588 on
924 1533 992 1588 tuos
1015 1529 1143 1588 luctns“.
1160 1563 1204 1574 —

75 1657 122 1667 —
155 1627 318 1700 „enatae
347 1627 365 1686 i.
390 1647 415 1684 e.
438 1629 615 1702 instructus,
645 1649 749 1706 nempe
771 1629 1006 1706 Philopolemum
1037 1633 1198 1694 reducens“

77 1729 195 1802 Lamb,
220 1729 256 1790 cf.
279 1729 343 1788 Mil.
369 1731 445 1788 893:
483 1730 614 1809 „Lepide
636 1732 735 1790 hercle
758 1737 877 1791 ornatus
900 1733 1040 1793 incedit“.
1067 1765 1103 1776 -
1129 1739 1200 1796 447.

74 1827 169 1892 Num
191 1827 268 1910 quid
289 1825 414 1904 aliud?‚
440 1827 479 1892 cf.
503 1832 593 1892 Most.
619 1836 690 1894 397.
735 1834 798 1893 Mil.
825 1837 915 1896 1187.
945 1842 1008 1896 not.
1034 1838 1071 1896 ad
1093 1839 1201 1917 Amph.

80 1937 153 1994 536.
166 1962 209 1973 -
226 1935 298 1992 448.
317 1930 473 2009 trapezita,
491 1955 519 1994 v.
534 1935 581 1994 ad.
598 1939 666 1994 192.
678 1965 721 1976 —
738 1938 809 1996 449.
828 1935 935 1998 eadem
947 1954 1050 2014 opera,
1063 1941 1098 2000 cf.
1112 1941 1201 2001 Most.

80 2039 163 2096 1023
183 2041 213 2094 et
230 2035 268 2094 ed
280 2035 385 2096 Bacch.
399 2039 449 2096 47.
461 2065 504 2076 -
514 2033 734 2116 eynyrapltum,
752 2059 779 2098 v.
792 2039 830 2097 ad
841 2039 922 2100 Asin.
937 2043 1007 2102 236.
1044 2042 1203 2120 „Diploma

76 2137 238 2214 significet,
261 2157 317 2216 per
335 2139 415 2216 quod
432 2140 521 2198 liceat
539 2139 785 2216 Pseudotyndero
802 2141 874 2202 belli
892 2149 1025 2221 tempore
1042 2147 1073 2204 in
1084 2145 1201 2204 Elidem

76 2237 210 2300 redire“.
236 2269 273 2281 -
299 2244 370 2302 451.
396 2237 453 2315 Tot,
483 2242 652 2320 Tyndarum
676 2243 846 2320 alloquitur.
864 2276 907 2285 -
924 2240 1012 2306 Bene
1034 2242 1201 2323 ambuleio,

75 2365 105 2403 v.
132 2343 172 2402 ad
193 2344 276 2402 Asin.
303 2345 372 2406 107.

167 2447 227 2506 451
258 2465 324 2524 sqq.
358 2446 454 2522 Hegio
483 2448 568 2524 quasi
597 2447 671 2505 hene
699 2467 731 2504 re
759 2454 850 2524 geste
871 2468 970 2508 secum
1000 2451 1126 2512 letatur.
1161 2484 1203 2494 —

77 2551 154 2610 453.
186 2544 216 2608 si
238 2545 290 2608 dis
307 2543 425 2624 placet3
448 2553 498 2626 pie
522 2550 644 2608 deorum
663 2552 805 2624 meminit,
828 2571 890 2625 neo,
913 2558 947 2610 ut
969 2553 1068 2630 vulgo,
1092 2557 1203 2614 ironice

76 2653 144 2711 haeo
168 2651 320 2710 dicuntur.
343 2681 385 2691 -
408 2653 479 2710 454.
514 2651 678 2710 Stultitiam
701 2673 782 2712 suam
805 2661 936 2728 accusat,
967 2656 1045 2732 quod
1068 2663 1130 2714 tem
1153 2658 1205 2718 diu

78 2755 268 2814 dubitaverit
284 2753 321 2812 de
339 2753 385 2812 his
401 2755 572 2814 hominibus
590 2754 731 2814 emendis.
765 2750 855 2816 hosce
871 2758 975 2834 scripsi
996 2759 1034 2816 ad
1051 2760 1204 2836 vulgatum

76 2857 181 2916 Plauti
203 2876 302 2929 usum,
336 2877 363 2916 v.
388 2855 545 2930 Schmidt,
576 2878 661 2936 pron.
685 2857 761 2917 dem.
784 2880 814 2936 p.
841 2861 889 2918 38.
915 2887 953 2899 -
991 2862 1061 2920 455.
1096 2859 1203 2936 iatum,

75 2959 263 3035 Tyndarum.
308 2954 415 3032 saltis,
440 2961 450 3017 i
474 2979 498 3018 e.
522 2963 547 3018 ei
570 2961 674 3034 vultis,
698 2961 750 3018 sed
772 2961 901 3020 iubentis
924 2969 982 3035 est,
1006 2963 1042 3021 cf.
1068 2965 1138 3022 661.
1162 2995 1205 3006 -

75 3063 155 3121 456.
186 3057 344 3122 custodela
371 3081 426 3120 em.
451 3061 557 3134 Both.;
595 3055 666 3121 Iam
688 3061 805 3120 addidit
827 3062 939 3122 comer.
967 3093 1010 3104 -
1038 3062 1202 3141 apparebo,

76 3167 99 3224 i.
125 3185 151 3223 e.
182 3163 377 3242 compareb03
412 3164 447 3223 cl.
477 3163 567 3222 Poen.
598 3166 674 3223 621:
717 3166 794 3238 „Iam
829 3164 866 3222 eh
893 3185 925 3222 re
953 3165 1069 3240 diuina,
1105 3169 1202 3240 oredo,

79 3267 277 3345 apparebunt
305 3262 414 3326 domi“.
445 3296 487 3306 -
516 3267 587 3326 457.
623 3262 666 3326 ad
690 3260 837 3340 fratrem,
872 3267 908 3326 ol.
936 3270 1004 3328 126.
1053 3267 1145 3330 modo
1167 3291 1204 3330 ne

77 3371 279 3449 posteriorem
301 3369 420 3443 longam
442 3369 579 3443 haberet,
609 3369 654 3428 Fl.
677 3368 727 3428 Br.
755 3368 813 3442 „ed
835 3367 987 3448 ceptin0s“
1012 3374 1203 3450 scripserunt.

77 3473 142 3533 Sed
164 3475 231 3550 ipsa
252 3492 308 3530 vox
331 3473 441 3530 vitiosa
463 3477 523 3546 est,
558 3491 612 3530 nec
635 3473 713 3530 enim
735 3471 766 3529 id
788 3491 879 3530 unum
902 3478 985 3548 eget,
1015 3481 1049 3532 ut
1072 3478 1205 3550 captivos

77 3575 207 3646 invisat,
243 3573 309 3648 sed,
344 3579 378 3632 ut
405 3575 468 3651 ipse
498 3575 555 3648 ait,
590 3580 659 3633 ante
690 3575 789 3634 omnia
815 3580 1005 3652 personatum
1034 3577 1204 3652 Tyndarum

76 3678 257 3736 dimissurus
280 3683 333 3734 est.
378 3676 528 3736 Praetereo
550 3674 655 3736 inuisa
677 3677 870 3736 antecedente
894 3684 924 3736 et
944 3684 1087 3756 sequente
1105 3681 1204 3739 tuturo

77 3782 224 3840 vitiosum
258 3783 312 3837 est.
368 3778 471 3857 Itaque
504 3778 660 3838 substitui:
693 3775 765 3854 ib0,·
793 3776 875 3840 dum.
908 3809 944 3821 -
977 3781 1048 3841 458.
1082 3776 1206 3842 Eadem

76 3903 122 3942 ac.
146 3902 252 3960 opera,
282 3881 318 3940 cf.
342 3883 413 3940 449.
443 3911 486 3920 -
516 3877 602 3958 ecqui
624 3902 727 3940 versus
751 3903 838 3942 causa
860 3881 906 3944 Fl.
929 3883 978 3942 Br.
1011 3913 1047 3922 -
1076 3884 1147 3945 459.
1179 3881 1207 3944 el

79 3981 130 4046 aei
162 3979 343 4058 praedocti,
384 3983 440 4043 hoc
468 3988 551 4061 prius
581 4003 669 4059 agere
699 3985 776 4044 volo.
842 3986 1027 4045 Posteriores
1056 3987 1116 4044 lere
1149 3987 1205 4059 ,ad

79 4085 206 4162 aliquod
228 4081 389 4163 pravorti“
416 4086 533 4158 dicunt,
557 4087 681 4144 Plautus
704 4087 806 4146 dativo
830 4090 938 4160 utitur,
963 4089 999 4146 of.
1022 4089 1086 4148 Mil.
1113 4089 1204 4148 1086.

79 4190 176 4249 Mero.
204 4189 272 4246 112.
298 4189 368 4248 368.
394 4191 463 4248 370.
498 4189 578 4248 Pers.
593 4191 664 4262 797,
688 4195 740 4246 aut
762 4192 941 4264 accusativo,
964 4191 1207 4250 utinfre1021.

78 4293 157 4352 cist.
183 4292 253 4350 615.
299 4289 406 4350 Pseud.
432 4294 501 4350 606.
546 4290 622 4350 Rud.
647 4292 717 4350 641.
