2922 5006
106 512 350 584 m,4,11o-5‚5
628 518 745 588 Captiui.

614 705 742 788 Hegio

902 813 1071 883 Conuenit.

573 923 784 1006 Tyndarus

96 1027 150 1094 Ut
169 1029 307 1114 quidem
325 1029 434 1096 hercle
451 1032 483 1094 in
502 1031 644 1096 medium
662 1053 720 1115 ego
733 1032 830 1098 hodie
841 1053 991 1117 pessume
1009 1035 1235 1119 processerim.

102 1136 178 1203 Cae
199 1138 267 1202 illis
284 1139 386 1218 uirgis
404 1140 541 1216 miseris,
566 1159 650 1222 quae
667 1140 766 1206 hodic
783 1143 816 1205 in
835 1147 928 1224 tergo
950 1143 1130 1208 morientur
1152 1162 1235 1207 meo.

612 1247 742 1329 Hegio

101 1351 224 1418 'Uerba
248 1353 328 1418 mihi
353 1354 430 1419 data
453 1374 523 1418 esse
546 1354 654 1420 uideo.

572 1461 786 1546 Tyndarus

697 1569 782 1647 Quid
805 1574 949 1653 cessatis,
973 1573 1146 1658 conpedes,
1185 1589 1235 1644 645

97 1675 253 1742 Currere
277 1677 318 1742 ad
342 1699 393 1744 me
416 1699 555 1762 meaque
578 1678 732 1762 amplecti
755 1701 866 1760 crura,
889 1688 926 1748 ut
947 1702 1008 1747 uos
1032 1682 1235 1748 custodiam?

607 1785 738 1870 Hegio

101 1893 202 1959 Satin
227 1914 278 1958 me
301 1892 401 1958 illisce
423 1891 519 1957 hodie
543 1893 669 1959 scelesti
694 1896 783 1980 capti
807 1903 964 1982 ceperunt
987 1895 1084 1961 dolo?

100 2001 178 2068 Illic
203 2022 334 2066 seruam
350 2021 392 2066 ¹sc
415 2001 643 2084 adsimulabat,
668 2003 722 2068 hic
745 2025 814 2092 sese
838 2011 947 2068 autem
968 2003 1115 2068 liberum.

93 2109 292 2175 Nuculeum
316 2109 419 2188 amisi,
441 2111 562 2174 retinui
583 2111 713 2194 pignori
736 2113 923 2194 putamina3

98 2219 156 2283 Ita
182 2216 264 2282 mihi
288 2217 406 2282 stolido
431 2238 560 2282 sursum
583 2239 720 2283 uorsum
743 2240 777 2284 os
801 2219 971 2284 sublcuere
995 2217 1130 2283 oliuciis.
1183 2234 1235 2288 650

97 2326 168 2392 Hic
182 2326 315 2408 quidem
327 2345 378 2389 me
389 2346 567 2409 numquam
578 2325 742 2416 inridebit.
773 2327 927 2411 Colopho,
941 2325 1103 2406 Cerialia,
1118 2325 1233 2406 Corax,

97 2435 153 2501 Ite
178 2435 280 2499 istinc
303 2437 404 2518 atque
427 2433 547 2499 ecferte
570 2433 650 2498 lora.

590 2541 754 2606 Lorarii

704 2650 788 2716 Num
811 2650 970 2742 lignatum
992 2650 1172 2716 mittimur?

127 2971 281 3038 HEGIO.
329 2971 512 3038 LORARII.
558 2973 795 3040 TYNDARUS.
841 2971 1204 3038 ARISTOPHONTES.

608 3127 738 3211 Hegio

98 3235 224 3300 Inicite
248 3233 323 3299 huic
345 3237 491 3300 manicas
515 3240 659 3314 octabae,
683 3237 863 3320 mastigiae.

536 3353 776 3451 'Tyndarus

97 3473 194 3551 Quid
218 3473 281 3538 hcc
304 3478 354 3537 est
375 3475 509 3556 negoti?
532 3476 611 3558 quid
634 3494 694 3556 cgo
718 3474 863 3557 deliqui?

611 3607 738 3690 Hegio

899 3713 1018 3796 Rogas,

96 3820 203 3886 Sator
227 3826 400 3903 sartorque
425 3821 586 3886 scelerum
609 3828 642 3886 et
664 3843 788 3886 messor
810 3820 983 3896 maxume?
1183 3834 1234 3888 655

570 3951 777 4037 Tyndarus

100 4056 179 4122 Non
203 4063 390 4122 occatorem
414 4059 522 4125 dicere
546 4061 692 4128 audebas
714 4061 832 4145 prius?

102 4165 188 4230 Nam
213 4186 343 4248 semper
366 4175 482 4233 occant
503 4169 594 4250 prius
618 4189 715 4250 quam
738 4169 867 4234 sariunt
888 4168 1013 4234 rustici.

173 4399 225 4452 647
244 4399 346 4452 Santin
363 4415 407 4451 me
425 4400 467 4451 illi
504 4401 555 4453 650
574 4400 713 4452 sublinere
749 4401 799 4455 653
819 4404 944 4454 actutum
960 4414 1011 4453 cm.
1049 4397 1235 4452 etiamtunc
