2922 5006
779 507 871 562 Plauti

770 695 897 779 Hegio

270 809 372 888 Alter,
394 813 431 873 ut
454 805 654 872 confidenter
676 805 757 870 mihi
779 811 893 870 eontra
915 803 1053 870 adstitit.

728 912 937 998 Tyndarus

270 1023 374 1089 Decet
396 1024 603 1088 innocentem
626 1041 755 1087 seruom
778 1029 878 1106 etque
900 1021 1066 1088 innoxium

272 1130 598 1210 contemnendae,
621 1151 717 1196 suum
739 1129 827 1212 apud
850 1151 942 1194 erum
966 1129 1191 1214 potissumum.
1337 1147 1387 1201 oto

771 1237 897 1319 Hegio

271 1347 472 1430 Adstringite
494 1347 550 1412 isti
572 1346 667 1412 sultis
691 1345 902 1411 uehementer
924 1365 1047 1410 manus.

728 1471 937 1555 Tyndarus

271 1580 360 1645 Tuus
385 1601 472 1660 sum;
496 1587 533 1644 tu
555 1580 616 1644 has
639 1577 771 1664 quidem
793 1579 847 1644 uel
869 1578 1017 1662 praecidi
1039 1579 1123 1644 iube.

273 1687 336 1754 Sed
360 1687 439 1770 quid
461 1689 613 1772 negotist,
637 1707 734 1772 quam
757 1687 799 1753 ob
822 1708 890 1752 rem
913 1707 1084 1753 suscenses
1107 1685 1209 1752 mibi?

764 1817 893 1901 Hegio

274 1925 359 2003 Quia
380 1947 432 1992 mc
454 1947 624 2010 meamque
647 1947 725 2006 rem,
749 1927 837 2010 quod
859 1927 893 1990 in
915 1933 949 1991 te
972 1947 1036 1992 uno
1059 1925 1130 2004 fuit,

273 2035 349 2100 Tuis
372 2034 528 2115 scelestis,
550 2033 706 2099 falsidicis
730 2033 870 2100 fallaciis

272 2142 522 2220 Delacerauisti,
547 2141 826 2224 deartuauistique
850 2162 936 2225 opes,

273 2249 449 2316 Confecisti
472 2251 575 2316 omnis
597 2271 650 2315 res
673 2270 712 2315 ao
734 2251 877 2315 rationes
899 2269 1005 2331 meas;

272 2357 324 2424 Ita
348 2357 426 2423 mihi
449 2359 599 2423 exemisti
622 2356 843 2422 Philocratem
865 2354 1013 2422 fallaciis.

272 2466 369 2531 Illum
393 2487 466 2531 esse
489 2485 618 2530 seruom
640 2464 773 2544 credidi,
795 2471 828 2530 te
850 2465 1006 2546 liberum;

273 2575 325 2639 Ita
347 2583 476 2640 uosmet
499 2573 637 2638 aiebatis
660 2574 773 2656 itaque
795 2575 927 2638 nomina
1044 2599 1049 2610 ·

273 2680 363 2747 Inter
384 2703 444 2747 uos
467 2682 691 2765 permutastis.

730 2809 939 2895 Tyndarus

756 2919 878 2984 Fateor
900 2920 1007 2984 omnia

272 3029 376 3094 Facta
399 3049 470 3094 esse
494 3029 551 3106 ita,
574 3035 611 3092 ut
634 3031 666 3090 tu
689 3027 780 3106 dicis,
803 3033 836 3091 et
858 3026 1000 3092 fallaciis

272 3137 390 3202 Abisse
413 3157 486 3202 eum
509 3136 568 3201 abs
592 3141 624 3201 te
647 3155 720 3200 mea
743 3155 845 3219 opera
867 3141 967 3217 atque
989 3137 1119 3201 astutia.

271 3247 330 3324 Au,
354 3245 488 3311 obsecro
512 3244 620 3310 hercle
643 3251 685 3323 te,
709 3243 743 3308 id
765 3264 852 3308 nunc
875 3263 1044 3309 suscenses
1068 3243 1170 3308 mihi?
1251 3293 1254 3300 .

773 3373 899 3457 Hegio

273 3483 316 3548 At
339 3504 412 3549 cum
436 3483 583 3548 cruciatu
605 3501 757 3547 maxumo
780 3481 815 3546 id
836 3481 993 3548 factumst
1015 3489 1082 3548 tuo.

729 3612 938 3696 Tyndarus

272 3721 358 3785 Dum
379 3741 420 3785 ne
443 3719 485 3784 ob
509 3720 683 3786 malefacta
706 3743 848 3804 peream,
871 3723 967 3805 parui
989 3729 1146 3787 aestumo.
1455 3733 1458 3790 l

274 3827 308 3894 Si
331 3849 390 3912 ego
413 3829 466 3893 hio
488 3829 612 3912 peribo,
636 3831 664 3894 ei
686 3829 750 3910 ille,
773 3835 810 3894 ut
834 3829 924 3910 dixit,
947 3849 1012 3893 nou
1034 3829 1128 3908 redit,

272 3937 316 4002 At
338 3939 401 4002 erit
422 3936 500 4001 mihi
524 3935 585 4003 hoc
607 3937 731 4003 factum
753 3943 881 4003 mortuo
904 3937 1125 4017 memorabile,

273 4045 329 4110 Me
352 4065 459 4110 meum
482 4067 572 4110 erum
596 4052 727 4128 captum
751 4067 790 4110 ex
814 4047 974 4111 seruitute
998 4055 1097 4129 atque
1120 4045 1269 4112 hostibus

272 4152 436 4218 Reducem
459 4153 575 4218 fecisse
597 4153 737 4218 liberum
760 4155 793 4217 iu
815 4155 957 4238 patriam
980 4154 1021 4218 ad
1046 4161 1182 4237 patrem,
1340 4169 1352 4221 ε

340 4386 390 4438 658
408 4385 446 4438 At
498 4386 548 4438 672
566 4391 597 4438 tu
616 4399 665 4438 our.
719 4386 884 4454 creperico
903 4393 945 4440 est
964 4387 1010 4440 ille
1065 4387 1247 4443 alemeon.
