2916 5006
563 521 596 590 v,
617 525 757 576 rso-eor.
1157 529 1219 592 473

92 718 205 791 leuem,
236 721 254 777 i.
279 741 303 778 e.
328 719 458 790 facilem,
494 739 551 776 non
581 721 758 777 renitentem
787 721 872 778 herili
897 717 1051 798 imperi0“.
1109 723 1217 781 Verum

91 821 169 879 lenis
200 824 329 880 serviles
357 825 451 880 serris
480 829 596 880 tentum
625 841 688 880 esse
717 827 825 900 potest.
876 823 1038 884 Lambinus
1062 827 1218 885 licentius:

95 924 215 1001 „Atque
248 925 341 983 herile
374 926 530 1002 imperium
565 927 690 999 ingeniis
723 929 832 984 vestris
865 926 931 985 lene
965 923 1130 1002 reddere“;
1166 929 1220 986 sed

91 1047 210 1085 sensum
235 1033 388 1087 essecutus
411 1033 470 1100 est;
495 1049 562 1087 nem
582 1028 705 1087 Pleutns
723 1028 801 1086 idem
822 1030 906 1102 dixit,
930 1031 1009 1106 quod
1032 1032 1098 1089 eliis
1120 1033 1220 1092 verbis

91 1129 215 1188 Curtius
242 1130 328 1204 VIII,
354 1133 387 1202 8,
413 1133 447 1190 8:
490 1131 622 1208 „Regum
653 1131 820 1208 ducumque
843 1133 999 1191 clementie
1029 1154 1088 1193 non
1117 1137 1148 1192 in
1175 1137 1219 1210 ip·

90 1252 193 1291 sorum
216 1233 313 1308 modo,
337 1233 389 1292 sed
413 1235 502 1294 etiem
525 1237 556 1294 in
580 1235 707 1306 illorum,
732 1237 782 1310 qui
805 1241 922 1311 parent,
946 1237 1073 1310 ingeniis
1090 1240 1147 1296 sita
1165 1245 1218 1296 est.

91 1334 244 1412 Obsequio
279 1339 457 1414 mitigentur
489 1333 644 1416 imperin“.
702 1336 785 1408 Quod
821 1359 911 1414 quum
940 1340 1095 1400 Acidalius
1129 1341 1218 1398 eninr·

89 1437 285 1510 advertisset,
315 1441 412 1499 minus
440 1441 568 1500 feliciter
597 1440 779 1498 emendavit:
818 1440 1003 1520 „Feremque
1026 1444 1092 1502 erili
1115 1440 1219 1521 imp.“,

88 1561 145 1598 nec
169 1541 262 1600 multo
286 1544 390 1602 melius
413 1543 545 1602 Brixins:
584 1540 808 1620 „Durernque“.
864 1545 978 1603 Pereus
1005 1545 1154 1623 „Eamque
1184 1567 1220 1604 ex

90 1643 159 1700 erili
188 1642 277 1721 imp.“
309 1647 435 1722 scripsit,
471 1665 574 1723 perum
609 1649 780 1724 perspicue;
820 1647 963 1726 (leppert.
999 1647 1150 1726 „Eumque
1184 1671 1221 1707 ex

90 1747 192 1822 rigido
220 1747 377 1826 imperio“,
407 1751 485 1828 quod
517 1771 579 1810 esse
607 1751 734 1809 debebat
764 1771 819 1824 „cx
849 1731 924 1809 dure
953 1748 1006 1824 (sc.
1031 1749 1218 1823 servitute)“.

91 1850 170 1908 Mihi
193 1853 223 1908 in
246 1857 371 1910 mentem
395 1855 477 1911 renit
503 1855 692 1931 „Aptemque
716 1837 782 1911 erili
805 1851 963 1932 imperio“,
993 1857 1013 1912 i.
1038 1875 1062 1912 e.
1088 1854 1158 1912 dnm
1182 1855 1220 1913 ad

89 1953 154 2012 heri
179 1955 336 2032 imperium
360 1956 606 2016 accommodetur.
635 1987 676 1998 -
700 1959 758 2016 201
785 1977 830 2034 sq.
854 1959 1024 2016 octonarius
1047 1957 1135 2015 inmb.
1155 1977 1220 2015 cum

90 2061 219 2116 senario.
276 2058 335 2117 Pro
371 2067 513 2136 corrupto
547 2055 715 2119 miraclie's
747 2061 818 2117 meli
853 2060 972 2136 quidem
1008 2061 1093 2118 codd.
1126 2062 1220 2134 „mire

90 2155 232 2234 cuditis“,
254 2161 334 2222 unde
356 2163 473 2241 entiqni
497 2161 579 2222 edd:
606 2163 718 2237 „oculis
735 2163 829 2222 multe
847 2165 956 2222 misero
974 2159 1114 2235 cuditis“,
1137 2163 1218 2240 qnod
1294 2203 1298 2211 -

89 2263 204 2322 frustm
222 2263 358 2324 defendit
374 2265 605 2325 Lindemannus.
620 2265 733 2326 Cemer.
753 2267 930 2343 elegantius:
958 2267 1068 2339 „oculis
1091 2267 1217 2324 multem

91 2367 244 2426 miseriem
274 2364 416 2428 audieret
472 2368 598 2428 Parcus:
635 2371 762 2441 „multas
791 2370 891 2428 oculos
919 2371 1015 2428 multe
1043 2367 1218 2444 Heracliti“,

88 2473 137 2528 ite
165 2476 200 2528 ut
228 2489 282 2548 per
309 2473 432 2532 multem
461 2473 668 2550 intelligentur
695 2474 825 2532 lscrimae
859 2473 1043 2532 llerecliteae.
1106 2473 1219 2552 Gepp.:

92 2572 207 2646 „ocelle
230 2575 323 2634 multe
345 2577 421 2634 mire
443 2573 595 2636 cernitis“.
641 2575 690 2636 Br.
719 2577 827 2649 „oculis
850 2573 980 2634 lementa
1003 2575 1121 2636 editis“.
1163 2597 1218 2655 ego

88 2677 122 2734 in
140 2679 243 2752 priore
262 2677 350 2737 edit:
378 2678 566 2751 „Eiulstione
582 2680 661 2738 hand
680 2699 755 2757 opus
779 2685 824 2738 est
846 2679 955 2752 multe;
979 2681 1072 2739 oculis
1096 2681 1219 2740 multem

88 2776 262 2852 indicitis“;
292 2781 344 2840 sed
367 2783 450 2858 prius
473 2777 572 2842 multa
594 2803 654 2841 non
676 2788 779 2860 potest
796 2801 855 2840 non
874 2781 1034 2856 offendere,
1059 2803 1114 2841 nec
1133 2783 1218 2842 dnbi-

89 2885 152 2940 teri
182 2882 286 2956 debet,
326 2887 398 2961 quin
429 2905 465 2942 ex
493 2886 589 2944 eltoro
619 2885 693 2943 mele
729 2893 881 2962 precepto
910 2893 1008 2944 ortum
1038 2887 1090 2958 sit3
1126 2889 1218 2944 etiem

93 2985 238 3057 „multum
267 2987 427 3060 indicere'‘,
463 2987 542 3064 quod
571 2987 660 3046 hebet
688 2987 802 3046 Plinius
832 2987 868 3046 Η.
893 2987 929 3046 N.
958 2987 1072 3062 XVIII,
1105 2992 1136 3060 3,
1170 2991 1218 3061 12,

88 3109 147 3165 pro
174 3087 308 3158 „dicere“
334 3091 485 3150 insolitum
509 3098 562 3150 est.
620 3091 717 3162 Quare
747 3093 805 3148 iem
835 3091 926 3148 melo:
962 3087 1062 3150 oculis
1089 3087 1220 3150 ocultam

88 3187 205 3250 miram
229 3188 347 3252 dioillo.
392 3193 502 3266 Nolite,
526 3195 623 3270 inquit
646 3194 781 3265 lorerius,
806 3193 922 3266 eiuleri,
946 3214 984 3252 ne
1006 3194 1108 3252 oculos
1131 3193 1219 3251 lecri·

87 3294 198 3355 mendo
232 3299 429 3374 corrumpetis
461 3295 581 3375 (Amph.
607 3293 680 3367 520)
713 3298 815 3372 itaque
845 3296 937 3355 oculis
965 3297 1072 3354 restris
1099 3296 1217 3354 multem
1299 3299 1302 3306 '

87 3397 234 3476 grandem
264 3399 378 3459 dicetis.
409 3431 451 3440 -
480 3404 550 3460 202.
586 3394 627 3459 Iu
656 3415 689 3459 re
717 3395 810 3458 mala.
855 3399 946 3477 Apud
974 3399 1113 3458 Plautum
1146 3399 1217 3457 alibi

88 3506 263 3560 constanter
279 3505 429 3563 contrario
449 3505 552 3564 ordine
575 3505 647 3581 poni
669 3503 764 3578 „mele
781 3499 859 3574 res“,
883 3502 1098 3561 animadvertit
1109 3501 1217 3562 Luchs.

87 3607 119 3662 in
144 3603 277 3664 Studem.
301 3605 385 3669 Stud.
409 3605 432 3680 I,
455 3629 484 3685 p.
510 3610 564 3679 26;
594 3629 648 3665 nec
670 3612 771 3665 temen
794 3605 862 3663 ideo
885 3608 1066 3664 correxerim
1094 3593 1219 3678 „Aninio

88 3711 121 3767 in
145 3708 224 3766 mele
247 3705 311 3782 re“‚
335 3711 417 3789 quod
439 3711 634 3770 commendet.
692 3711 696 3718 ⁴
971 3771 974 3781 ,

178 3813 238 3872 203
263 3821 360 3874 octon.
378 3813 523 3872 iemb.—
540 3810 623 3891 quio,
648 3813 684 3874 cf.
702 3815 769 3873 153.
805 3828 875 3873 cum
898 3809 1016 3872 catenis
1039 3812 1125 3872 Grut.
1146 3831 1218 3884 em.;

88 3915 140 3974 Br.
163 3915 279 3974 confert
298 3916 357 3976 Cic.
377 3917 440 3976 Mil.
455 3919 483 3990 4,
505 3918 558 3975 ll:
586 3935 667 3988 „esse
691 3937 756 3976 cum
779 3912 871 3976 telo“.
916 3914 1105 3993 Superiores:
1134 3935 1217 3988 „eon-

89 4015 251 4078 ceteneti“.
297 4019 434 4078 Ceterum
464 4022 525 4079 utri
549 4041 586 4078 ex
610 4021 737 4098 ceptiris
759 4021 821 4080 baec
842 4019 1003 4079 tribuenda
1026 4019 1116 4092 sint,
1133 4018 1217 4076 codd.

88 4141 150 4181 non
181 4122 382 4200 distinguunt,
418 4143 472 4181 nec
501 4143 556 4182 nos
584 4123 736 4183 eudemus.
768 4153 805 4166 —·
837 4125 898 4183 204
928 4125 953 4182 si
981 4127 1060 4182 recte
1088 4121 1218 4180 traditus

89 4232 151 4299 est,
187 4231 304 4285 constet
340 4245 376 4284 ex
405 4225 539 4302 tripodis
566 4225 661 4285 troclr.
693 4228 779 4286 estol.
810 4233 840 4284 et.
870 4227 987 4286 duobus
1016 4225 1133 4285 creticis
1168 4223 1217 4298 (cf.

89 4329 224 4390 Studem.
249 4329 362 4390 Gentio.
387 4313 416 4408 p.
444 4327 505 4404 15).
561 4329 749 4388 Hermennus
777 4333 946 4398 trimetrum
975 4332 1118 4389 creticum
1148 4331 1219 4387 fecit

90 4431 190 4490 deleto
223 4433 323 4491 inutili
356 4453 420 4492 roo.
455 4447 528 4507 coe,
568 4433 662 4510 quod,
697 4435 722 4490 si
756 4433 962 4510 corrIgendum
996 4439 1057 4506 est,
1092 4437 1122 4490 et
1156 4433 1219 4508 ipse
