2960 5012
265 507 306 568 64
775 499 868 555 Plauti

695 689 953 757 Pistoclerus

266 795 384 863 Uiscus
407 817 518 864 merus
541 803 687 864 nostrast
707 797 878 862 blanditia.

705 905 879 971 Bacchis
901 905 939 970 A.

828 1011 914 1090 Quid
935 1011 1023 1077 iam?

697 1139 953 1204 Pistoclerus

1006 1243 1091 1322 Quia
1113 1244 1198 1309 enim
1221 1245 1378 1329 intellego,
1461 1326 1464 1343 1

265 1351 357 1416 Duae
380 1374 479 1418 unum
502 1354 655 1438 expetitis
677 1353 863 1438 palumbem
871 1378 883 1435 ;,
907 1353 935 1419 si
957 1351 1108 1419 harundo
1131 1351 1201 1418 alas
1223 1353 1378 1434 uerberat,
1461 1354 1464 1395 ⁸

266 1458 296 1524 N
298 1481 340 1524 on
351 1480 411 1542 ego
422 1461 508 1527 istuc
518 1460 646 1528 facinus
658 1461 745 1542 mihi,
752 1461 876 1541 mulier,
885 1459 1088 1528 conducibile
1102 1481 1173 1526 esse
1185 1459 1336 1526 arbitror.
1350 1477 1379 1530 to

708 1591 883 1658 Bacchis
904 1593 941 1657 A.

266 1695 338 1776 Qui,
362 1698 502 1765 amabo?

699 1807 955 1875 Pistoclerus

437 1913 530 1996 Quia,
543 1915 703 1996 Bacchis,
726 1915 869 1982 bacchas
892 1921 1000 1982 metuo
1024 1921 1056 1980 et
1077 1913 1261 1980 bacchanal
1282 1921 1379 1980 tuum.

708 2045 883 2112 Bacchis
906 2045 943 2110 A.

269 2147 354 2226 Quid
376 2158 434 2233 est,
458 2149 546 2237 quod
568 2154 711 2219 metuis?
744 2175 785 2220 ne
808 2153 869 2220 tibi
895 2153 1000 2220 lectus
1028 2151 1188 2218 malitiam
1216 2153 1305 2238 apud
1332 2174 1380 2218 me
1466 2147 1473 2192 '¹

980 2260 1138 2327 suadeat?

700 2366 956 2434 Pistoclerus
1065 2395 1067 2397 ’

266 2472 372 2557 Magis
387 2474 544 2540 inlectum
561 2480 651 2540 tuum
670 2496 768 2560 quam
784 2476 906 2540 lectum
916 2481 1042 2555 metu03
1064 2474 1152 2540 mala
1163 2480 1200 2540 tu
1215 2496 1250 2541 es
1268 2475 1380 2540 bestia.

265 2579 348 2645 Nam
371 2581 448 2646 huic
470 2584 572 2647 aetati
593 2605 657 2648 non
681 2583 842 2661 conducit,
865 2581 992 2664 mulier,
1013 2582 1201 2648 latebrosus
1222 2583 1326 2649 locus.

713 2711 883 2778 Bacchis
906 2713 943 2778 A.

266 2817 412 2900 Egomet,
425 2819 513 2903 apud
524 2840 575 2884 me
588 2820 744 2904 quidquid
757 2820 856 2886 stulte
867 2819 973 2886 facere
987 2820 1111 2904 cupias,
1127 2819 1330 2904 prohibeam.
1352 2837 1382 2890 ot

267 2923 331 2991 Sed
345 2947 403 3010 ego
416 2926 502 3011 apud
513 2949 565 2992 mc
576 2933 609 2992 te
622 2949 692 2993 esse
704 2927 746 2994 ob
759 2949 830 2992 eam
842 2949 921 3010 rem,
939 2928 1033 2994 miles
1051 2948 1150 3010 quom
1160 2929 1283 3010 ueniat,
1302 2928 1382 3006 uolo,
1469 2918 1471 2951 ²

267 3031 359 3115 Quia,
388 3057 487 3119 quom
509 3041 546 3100 tu
569 3035 686 3116 aderis,
714 3036 790 3101 huic
811 3036 956 3121 mihique
978 3034 1068 3100 haud
1089 3034 1190 3100 faciet
1211 3036 1381 3121 quisquam

767 3219 770 3226 .
976 3143 1138 3209 iniuriam

265 3249 314 3314 Tu
336 3249 526 3334 prohibebis
549 3257 583 3316 et
605 3251 718 3316 eadem
742 3271 842 3336 opera
863 3257 921 3318 tuo
944 3251 1050 3318 sodali
1073 3272 1207 3336 operam
1230 3251 1334 3332 dabis,

264 3356 308 3421 Et
329 3357 384 3422 illo
407 3359 583 3424 adueniens
605 3365 696 3424 tuam
718 3359 792 3424 med
816 3380 886 3425 esse
909 3361 1048 3425 amicam
1071 3359 1303 3444 suspicabitur.

265 3463 359 3546 Quid,
382 3465 509 3546 amabo,
533 3467 724 3550 optiouisti?

693 3597 953 3662 Pistoclerus

656 3703 741 3782 Quia
763 3705 867 3770 istaec
888 3705 1001 3788 lepida
1023 3711 1097 3771 sunt
1119 3705 1329 3788 memoratni;
1350 3721 1381 3774 60

263 3808 389 3876 Eadem
411 3811 445 3876 in
466 3833 528 3876 usu
550 3818 648 3895 atque
670 3811 727 3877 ubi
748 3812 905 3895 periclum
928 3813 1041 3894 facias,
1065 3814 1217 3879 aculeata
1238 3820 1330 3895 sunt;

262 3917 415 3982 Animum
426 3918 581 3998 fodicant,
598 3919 686 3984 hona
698 3919 914 4002 distimulant,
932 3919 1021 3987 facta
1038 3927 1072 3987 et
1087 3920 1209 3986 famam
1224 3923 1379 3987 sauciant.

329 4197 364 4250 49
380 4195 540 4264 palumbem
557 4197 628 4265 perii
645 4196 774 4250 harundo
861 4199 893 4251 51
912 4195 984 4265 Quid
1001 4198 1028 4254 B
1114 4199 1148 4251 52
1165 4197 1237 4266 Quid
1255 4203 1298 4252 est
1317 4193 1380 4266 quid

263 4281 297 4334 ut
314 4280 381 4350 quid
443 4283 476 4334 59
493 4297 537 4334 me
556 4281 583 4334 B
643 4283 676 4335 60
694 4281 910 4340 memoratuaG
968 4285 1003 4337 62
1021 4283 1202 4338 destimulaut
1219 4282 1256 4336 B.
1300 4281 1380 4337 Hanc

260 4379 369 4418 aarum
386 4367 508 4435 requitur
524 4381 548 4420 u.
568 4368 609 4432 71,
627 4367 658 4420 iu
675 4383 727 4436 quo
745 4370 842 4439 Apage
861 4367 943 4424 amici
960 4385 1031 4440 pega
1048 4369 1076 4424 B
1152 4383 1154 4388 ·

1466 2018 1467 2047 1

1464 2067 1467 2103 1
