2922 5006
95 473 134 536 ΙΗ,
142 475 162 542 4,
170 474 272 528 err-76
333 543 349 562 Α,
584 471 703 542 Captiui.
1139 481 1198 542 179

528 660 741 745 Tyndarus

561 769 687 834 Ardent
709 770 814 850 oeuli3
836 770 912 836 fune
936 791 1028 856 opus,
1050 770 1164 855 Hegio.

89 877 177 944 Uideu
199 885 237 944 tu
259 877 307 942 illi
331 877 488 942 maculari
512 898 628 962 eorpus
650 884 759 944 totum
780 879 919 945 maculis
942 879 1080 944 luridis?
1148 896 1199 950 590

87 987 154 1051 Atra
173 987 250 1052 bilis
274 987 378 1070 agitat
399 985 573 1052 hominem.

472 1117 798 1202 Aristophontes

569 1225 612 1291 At
634 1226 689 1310 pol
712 1232 755 1305 te,
780 1227 809 1291 si
830 1225 882 1291 bio
905 1227 1014 1309 sapiat
1038 1247 1146 1308 senex,

86 1330 136 1396 Pir
156 1334 258 1418 agitet
281 1333 368 1417 apud
392 1333 589 1400 carnuficem
612 1340 734 1416 tuoque
758 1336 860 1418 capiti
883 1335 1037 1400 inluoeat.

529 1463 739 1547 Tyndarus

82 1568 143 1636 lam
163 1572 378 1638 deliramenta
400 1571 556 1655 loquitur,
579 1572 694 1638 laruae
718 1573 888 1638 stimulant
911 1575 1027 1638 uirum.

572 1702 698 1786 Hegio

81 1809 158 1887 Quid
180 1810 252 1875 ais?
296 1809 391 1890 Quid,
416 1813 444 1875 si
466 1810 553 1876 huno
577 1811 798 1894 conprehendi
819 1812 992 1877 iusserim?

530 1941 741 2026 Tyndarus

946 2049 1061 2134 Sepias
1083 2053 1197 2134 magis.

473 2157 798 2258 Aristophontes

79 2262 209 2330 Cruoior
231 2264 375 2350 lapidem
397 2286 462 2330 non
484 2263 605 2330 habere
628 2287 689 2346 me,
713 2271 751 2330 ut
773 2263 820 2330 illi
844 2267 1017 2350 mastigiae
1148 2284 1199 2338 595

78 2368 250 2438 Cerebrurn
273 2375 447 2450 excutiam,
471 2373 527 2455 qui
550 2395 601 2438 me
624 2375 774 2439 insanum
795 2375 905 2440 uerbis
924 2375 1099 2442 conoinnat
1118 2376 1196 2442 suia.

512 2503 738 2588 'Tyndarus

75 2609 180 2712 Audin
202 2611 346 2696 lapidem
369 2611 579 2696 quaeritare?

475 2721 797 2804 Aristophontes

615 2827 709 2894 Solus
732 2835 766 2894 te
789 2829 893 2894 solum
917 2831 1002 2912 uolo,

73 2933 185 3020 Hegio.

571 3042 698 3126 Hegio

247 3151 351 3216 Istinc
374 3151 518 3234 loquere,
542 3152 570 3216 si
593 3151 673 3234 qnid
694 3153 762 3232 uis,
785 3153 900 3237 prooul
924 3159 1034 3219 tamen
1057 3154 1197 3219 audiam.

528 3258 740 3342 Tyndarus

69 3365 219 3450 Namque
242 3365 358 3450 edepol
382 3367 409 3431 si
432 3366 561 3434 adbites
584 3369 729 3452 propius,
754 3388 790 3432 os
814 3367 987 3433 denasabit
1009 3367 1071 3434 tibi

70 3472 248 3541 Mordious.

476 3582 796 3668 Aristophontes

223 3690 340 3776 Neque
361 3691 418 3776 pol
439 3713 491 3756 me
513 3692 674 3772 insanum,
698 3691 813 3776 Hegio,
836 3713 907 3758 esse
931 3692 1060 3758 creduis

67 3795 183 3880 Neque
190 3797 293 3865 fuisse
305 3819 461 3882 umquam
473 3819 578 3882 neque
591 3821 661 3865 esse
673 3799 831 3881 morbum,
841 3821 938 3884 quem
949 3800 1025 3866 istie
1037 3806 1198 3866 autumat.

68 3902 194 3970 Uerum
215 3908 242 3972 si
265 3905 345 3990 quid
366 3907 486 3972 metuis
510 3927 529 3970 a
552 3929 614 3988 me,
637 3907 715 3972 iube
738 3928 789 3972 me
812 3907 939 3972 uinciri.
983 3907 1077 3988 Uolo,

67 4010 158 4076 Dum
178 4015 255 4080 istic
277 4013 393 4080 itidem
414 4015 590 4080 uinciatur.
768 4021 771 4028 '

65 4247 123 4402 60'2
143 4265 190 4320 see
207 4268 281 4322 otuu
298 4265 332 4320 fis
350 4284 420 4336 opus
482 4269 532 4323 eea
549 4269 620 4322 sera
635 4269 686 4338 pix
747 4269 797 4323 594
815 4267 856 4324 ais
875 4283 924 4323 en.
977 4269 1129 4336 torquem
1147 4283 1197 4322 om.

144 4367 246 4407 lllnclre

943 4457 990 4509 12*
1044 4467 1046 4473 ’
