2956 5010
573 521 713 577 Curculio.
1140 532 1201 592 529

81 717 256 776 histrionum
278 721 309 776 in
333 716 497 774 breviorem
519 716 646 776 formam
670 722 798 776 coactam
822 737 886 777 eane
909 723 1022 792 censct;
1053 720 1199 798 equidem,

80 825 112 878 ut
128 820 166 877 ad
183 819 268 878 illum
283 820 379 878 locum
397 818 577 894 significabo,
597 822 690 898 ipsius
709 825 805 898 poete
822 821 1044 881 festinationem
1061 841 1199 899 agnosco.

161 921 227 980 Non
255 924 341 999 parvi
369 923 407 980 ed
433 923 591 982 historiam
619 923 788 981 litterarum
817 927 958 983 momenti
988 929 1081 996 eeaet,
1115 926 1140 982 ei
1163 924 1201 983 ad

78 1044 163 1100 quem
180 1024 314 1083 Graecum
337 1029 457 1102 poetam
480 1024 541 1083 hac
564 1025 664 1083 fabula
686 1025 843 1084 referenda
865 1031 953 1099 esset,
983 1031 1035 1084 aut
1057 1025 1200 1084 traditum

79 1132 152 1184 esset
175 1131 227 1185 aut
251 1127 385 1185 divinare
407 1128 526 1200 liceret,
561 1146 620 1186 non
651 1127 747 1187 nolum
770 1133 804 1186 ut
831 1128 1022 1204 lepidissima
1051 1129 1199 1188 oomoediae

76 1231 191 1288 auctori
214 1249 285 1287 anua
307 1230 403 1288 honor
424 1229 620 1302 tribueretur,
645 1229 696 1287 aed
719 1231 809 1288 etiam
833 1233 904 1307 quia
926 1249 986 1290 non
1004 1251 1062 1290 uno
1082 1232 1200 1290 nomine

77 1353 95 1389 a
115 1337 223 1390 ceteris
247 1332 366 1390 differre
388 1333 531 1400 videtur„
563 1331 662 1392 Unum
684 1331 774 1390 habet
791 1353 914 1410 prorsus
933 1335 1093 1408 singulare,
1119 1333 1201 1410 quod

76 1441 143 1511 post
164 1455 192 1494 v.
217 1435 294 1506 460,
327 1455 416 1511 quum
440 1435 627 1494 intervallum
651 1437 796 1510 temporie
819 1436 997 1513 explendum
1021 1443 1111 1510 esset,
1140 1427 1200 1494 non

76 1545 108 1594 ut
130 1538 307 1614 plerumque
336 1535 375 1610 (v.
399 1537 538 1612 Prolegg.
562 1557 592 1614 p.
619 1538 677 1596 168
709 1537 767 1614 eq.)
798 1537 909 1596 tibicen
938 1545 1121 1615 spectatores
1149 1538 1199 1596 de-

76 1640 176 1713 lectat,
212 1640 264 1698 sed
295 1639 440 1714 chorague
470 1641 613 1717 populum
643 1641 807 1716 alloquitur
840 1659 1004 1698 sermonem
1036 1659 1138 1698 serene
1162 1639 1198 1698 66

76 1743 161 1800 rebus
185 1742 223 1800 ab
248 1749 422 1817 argumento
450 1743 557 1802 subula
580 1743 698 1814 alienia,
729 1743 790 1800 fere
819 1747 853 1801 ut
876 1742 982 1800 ehorua
1005 1746 1037 1801 in
1059 1741 1199 1818 parabeai

76 1851 264 1922 antiquorum
294 1845 512 1904 comediarum.
577 1845 638 1903 Nec
673 1845 765 1921 magis
793 1844 942 1916 novimus,
978 1864 1035 1922 quo
1063 1849 1198 1921 tempore

73 1949 282 2007 Curculionem
300 1947 423 2006 Plautus
441 1947 585 2020 docuerit,
614 1967 682 2006 nam
705 1946 784 2023 quod
806 1949 875 2024 poet
894 1968 920 2006 a.
941 1949 999 2006 193
1020 1951 1114 2006 actam
1134 1966 1199 2004 eene

74 2073 157 2110 exv.
186 2053 245 2111 509
270 2052 389 2129 quidam
412 2051 469 2108 viri
500 2049 581 2108 docti
610 2048 687 2107 effici
710 2053 870 2126 putarunt,
904 2049 936 2108 id
964 2049 1099 2108 leviculis
1128 2067 1198 2106 eane

75 2155 260 2229 argumentis
282 2156 399 2212 nititur.

156 2256 304 2315 Fabulam
339 2259 500 2333 separatim
526 2275 592 2335 cum
622 2256 867 2332 interpretatione
896 2252 1074 2312 Germanica
1104 2252 1199 2310 edidit

72 2358 243 2437 chpertue
270 2361 359 2418 1845.
394 2357 552 2434 Symbolaa
575 2357 718 2434 quaedum
745 2358 911 2432 exegeticus
933 2355 971 2414 ad
990 2355 1196 2415 Curculionem

73 2462 105 2520 L.
129 2461 256 2520 Mer-elin
286 2463 318 2519 in
347 2461 444 2520 indice
472 2460 639 2530 scholarum
669 2459 794 2538 Dorpat.
822 2461 900 2519 1861
933 2457 1035 2517 edidit.
1088 2457 1197 2516 Linde·

74 2567 174 2622 manni
209 2563 321 2636 „Scene
349 2583 384 2622 ex
408 2563 584 2622 Curculione
609 2559 781 2621 emendata“
809 2558 923 2636 (Zittau
951 2562 1046 2634 1845,
1072 2555 1129 2634 4²⁰)
1160 2560 1198 2618 ad

73 2685 116 2722 mo
139 2685 202 2725 non
225 2669 370 2743 pervenit.

509 2977 767 3044 Argumentum

511 3110 763 3170 acrostichon.

76 3264 100 3322 l.
135 3261 257 3324 missua
280 3266 382 3340 codd,
413 3266 493 3344 quod
522 3285 577 3344 pro
606 3264 807 3335 substantivo,
836 3267 871 3320 ut
897 3256 1047 3336 „legatue“
1074 3261 1129 3333 ait,
1159 3279 1197 3318 ne

71 3365 149 3426 hunc
172 3369 291 3445 quidem
315 3371 490 3446 scriptorem
514 3370 650 3446 poenicae
672 3365 832 3426 verisimile
855 3369 910 3422 eet.
955 3362 1059 3438 Itaque
1079 3363 1196 3439 antiqui

73 3469 139 3528 edd.
167 3491 204 3543 „a
227 3471 419 3531 Phaedromo“
446 3470 592 3530 dederunt
621 3473 873 3541 contraversum,
898 3465 1062 3525 Gulielmue
1083 3461 1195 3537 missu,

71 3579 103 3628 nt
132 3573 216 3632 Trin.
243 3577 338 3634 1142:
377 3595 460 3649 ,meo
491 3574 622 3647 allegatu
649 3569 761 3630 uenit“.
790 3599 833 3610 -
867 3563 1049 3628 Phaeclromt'
1078 3563 1104 3625 11
1130 3585 1196 3625 eum

71 3673 155 3734 hiatu
179 3677 347 3751 legendum.
393 3677 438 3736 Fl.
462 3678 602 3753 antiquos
625 3673 693 3734 666.
717 3679 834 3732 6666166
860 3675 910 3745 „in
927 3667 1061 3729 Cariam“
1088 3669 1194 3741 edidit,

70 3780 283 3854 praepositione
306 3799 365 3839 non
387 3781 563 3851 necessario,
588 3797 614 3837 v.
640 3779 678 3836 ad
702 3777 772 3836 206.
793 3805 833 3814 -
850 3776 878 3832 2.
903 3773 1009 3830 Hiatus
1030 3772 1062 3830 in
1085 3789 1197 3830 caesura

72 3885 102 3938 61
123 3887 193 3958 poet
212 3875 263 3941 161.
284 3883 363 3942 Cam.
385 3881 452 3954 ,ibi
470 3877 552 3952 ille“,
576 3880 663 3938 Both.
685 3875 835 3954 „ibiqne“,
859 3875 905 3934 Fl.
922 3871 1044 3951 „inibi“‚
1067 3873 1194 3932 Miiller:

75 3990 249 4058 ,argentum
273 4005 359 4044 tunm
385 3981 478 4056 eibi“;
512 3983 564 4041 sed
586 3987 720 4040 mutuum
747 3979 884 4063 vplebat,
908 3999 936 4037 v.
961 3979 1010 4036 68.
1033 4005 1076 4014 -
1099 3969 1198 4034 eludit

71 4081 175 4159 66616,
199 4107 226 4146 v.
245 4087 283 4145 ad
307 4089 378 4146 618.
397 4117 440 4127 -
462 4089 490 4145 t.
514 4085 581 4162 lpse
599 4103 671 4156 eam,
695 4084 777 4142 cuiue
796 4100 895 4140 amore
915 4079 1039 4156 deperit,
1063 4095 1196 4135 sororem

71 4207 154 4246 anam
177 4209 240 4248 caeo
263 4192 384 4268 reperit.
429 4188 527 4246 Malus
549 4191 641 4264 poeta
667 4187 698 4243 in
725 4186 911 4261 preteritum
937 4187 1055 4258 tempus
1077 4179 1195 4238 transit.

71 4319 113 4330 --
137 4295 164 4352 8.
193 4286 290 4352 Orata
314 4289 436 4370 quoius,
461 4291 497 4349 cf.
521 4289 591 4367 Arg.
616 4287 700 4366 Cept.
725 4290 754 4346 9.

540 4457 732 4466 ...-—---u-

958 4501 992 4551 34
