2932 5010
277 531 339 593 362
760 526 911 580 Aulularia.

276 722 362 797 quasi
384 726 467 778 certo
490 719 590 778 oblato
613 720 764 778 felicitatis
787 721 883 780 omine
905 722 1055 794 laetantur,
1079 723 1123 780 ite
1146 723 1278 798 antiquis
1299 722 1380 780 credi·

275 821 368 881 derim
381 821 507 882 eundem
518 841 673 880 numerum
684 822 798 882 felicem
811 825 906 882 visum
922 824 1021 896 fuisse,
1040 845 1148 902 eosque
1166 825 1256 884 simili
1274 829 1379 884 invento
1443 893 1444 898 ἵ

274 927 401 1002 gavisos.
424 955 466 966 --
489 927 560 983 812.
584 923 640 982 Hic
662 944 764 983 versus
787 931 816 983 et
837 929 1023 1002 sequentium
1046 928 1181 1004 plerique
1204 930 1379 985 octonarii
1443 913 1444 984 l

274 1031 358 1101 suut;
387 1027 551 1086 vehementi
575 1029 651 1084 enim
676 1027 860 1085 altercationi
883 1031 1051 1103 systematis
1073 1029 1170 1088 forms
1193 1031 1302 1106 optime
1324 1049 1379 1088 con·
1443 1029 1444 1066 l

274 1131 371 1204 venit,
402 1129 461 1203 sed,
490 1135 524 1188 ut
545 1128 593 1203 fit,
625 1129 670 1187 bie
695 1131 755 1188 illic
778 1133 1007 1206 interponuntur
1030 1131 1195 1190 catalectici
1218 1151 1326 1190 versus.
1346 1161 1380 1170 -

274 1247 383 1306 maue;
416 1253 482 1290 nam
511 1231 683 1290 adulescens
714 1235 799 1307 nugis
827 1233 955 1292 detineri
986 1253 1016 1291 se
1039 1253 1116 1311 aegre
1139 1233 1237 1292 ferens
1261 1233 1380 1292 abitums

273 1341 349 1392 erat.
375 1363 412 1374 -
444 1336 515 1393 813.
541 1355 585 1411 sq.
621 1332 749 1412 iuquam
771 1335 862 1396 Weis.
885 1337 967 1395 uncis
990 1337 1127 1408 inclusit;
1163 1355 1217 1393 nec
1240 1355 1308 1394 sene
1329 1336 1379 1394 hec

274 1437 400 1514 simplex
430 1439 614 1514 superiorum
643 1439 781 1514 repetitio
810 1445 871 1512 est;
905 1457 1007 1496 verum
1034 1435 1191 1514 „inquam“
1218 1439 1379 1498 nouaclum

273 1539 451 1613 insingulis
473 1539 594 1598 vocibus
617 1540 786 1616 repetendis
808 1543 945 1618 ponitur,
976 1540 1028 1598 sed
1052 1543 1139 1598 etiam
1162 1541 1193 1598 in
1216 1548 1281 1599 tote
1302 1561 1380 1600 enun-

273 1643 400 1700 tiatione
425 1642 490 1700 eliis
513 1642 610 1700 verbis
633 1643 799 1700 accuratius
821 1643 1015 1718 explananda.
1053 1642 1093 1700 Et
1115 1644 1162 1700 hic
1186 1643 1303 1719 quidem
1326 1665 1380 1700 sen·

273 1746 367 1801 tentia
390 1763 448 1802 nou
472 1745 501 1802 in
524 1763 587 1803 voc.
614 1741 770 1820 „pleusm“
795 1747 989 1816 terminatur,
1020 1745 1072 1803 sed
1095 1745 1133 1803 sd
1156 1746 1280 1804 eandem
1302 1749 1380 1822 perti·

273 1853 344 1904 nent
366 1849 517 1923 proxima:
556 1845 711 1918 „Euclioni
734 1893 741 1905 .
762 1893 768 1906 .
789 1893 795 1906 .
819 1847 984 1925 subripui“,
1008 1867 1061 1906 nec
1091 1853 1273 1906 structuram
1302 1851 1379 1906 inter

272 1954 415 2025 rumpunt
442 1951 600 2007 interiecta
628 1949 788 2025 Lyconidis
817 1949 921 2022 rerba,
957 1951 993 2008 cl.
1020 1951 1094 2010 409.
1151 1950 1262 2025 Negari
1280 1959 1381 2009 stamen

271 2069 329 2108 nou
353 2057 453 2128 potest
475 2055 573 2109 omnia
595 2051 712 2110 facilius
734 2051 898 2126 decurrere,
924 2055 948 2110 si
971 2059 1207 2130 transponantur
1230 2054 1289 2112 duc
1306 2055 1382 2112 buius

273 2173 372 2212 versus
386 2147 474 2228 (814)
487 2155 626 2226 membre,
645 2161 679 2211 ut
691 2156 746 2212 sit:
773 2153 871 2225 „STR¹
896 2155 1126 2230 Quadrilibrem,
1145 2158 1276 2232 inquam,
1297 2157 1382 2214 sulam

270 2259 335 2314 auri
364 2255 483 2333 plenam
506 2257 642 2314 Euclioni
671 2257 740 2334 huic
769 2258 831 2314 seni
859 2257 1004 2334 subripui.
1049 2257 1133 2317 LYC.
1163 2257 1251 2329 Quod
1275 2277 1328 2334 ego
1348 2260 1383 2316 la·

271 2361 354 2415 cinus
379 2358 467 2416 audio
498 2379 534 2416 ex
555 2355 625 2416 te?“
673 2360 715 2416 Ac
743 2361 768 2416 si
796 2361 826 2416 in
855 2359 1016 2437 archetypo
1046 2359 1148 2419 codice
1177 2359 1233 2418 boc
1264 2369 1384 2437 systema

271 2458 454 2517 trochaicum
482 2481 541 2519 non
564 2461 737 2533 octonariis,
772 2460 824 2518 sed
847 2463 1044 2537 quaternariis
1067 2461 1249 2538 descriptum
1273 2463 1330 2521 fuit
1350 2493 1385 2504 ·-

271 2561 351 2638 quod
374 2565 448 2620 satis
470 2563 632 2621 verisimile
655 2569 709 2635 est,
733 2567 872 2640 quoniam
896 2565 970 2623 iuA
993 2583 1051 2622 non
1073 2585 1141 2622 raro
1165 2564 1285 2624 duobus
1303 2568 1384 2624 versi·

270 2663 324 2722 bus
348 2664 495 2736 scribitur,
520 2666 571 2741 qui
594 2665 624 2723 in
647 2664 670 2722 Β
694 2685 770 2724 unus
793 2671 886 2724 est-
901 2669 1083 2744 permutatio
1102 2667 1228 2725 ducrum
1254 2687 1384 2727 versuum

270 2785 328 2824 non
351 2765 532 2829 incredibilis
561 2774 614 2826 est.
638 2797 680 2808 -
712 2764 802 2844 Quod
828 2771 887 2826 iam
916 2769 1091 2828 emendator
1119 2769 1184 2828 cod.
1209 2769 1243 2829 Β.
1269 2772 1340 2829 Post
1362 2771 1384 2828 le

223 2945 226 2955 Ι
269 2867 368 2927 hiatus
390 2869 420 2927 iu
445 2869 575 2943 diaeresi3
608 2870 693 2928 Miill.
717 2871 827 2947 aliique
854 2869 952 2943 „ted“.
977 2901 1019 2912 -
1042 2874 1112 2931 815.
1143 2867 1177 2930 in
1206 2888 1282 2934 arca
1310 2868 1385 2948 aptati

268 2987 325 3031 me.
371 2972 520 3050 Suspicari
548 2974 644 3050 possis
673 2973 746 3032 dicis
775 2993 864 3032 causa
891 2993 955 3033 eum
984 2975 1046 3032 baec
1073 2975 1208 3050 proferre
1240 2977 1382 3052 ollamque

268 3093 300 3132 re
333 3093 404 3132 vera
430 3075 484 3134 sub
513 3076 604 3151 pallio
634 3075 784 3133 conditam
817 3081 934 3149 teuere3
969 3077 1021 3135 sed
1048 3077 1124 3136 nihil
1153 3076 1295 3153 impedit,
1329 3097 1382 3154 quo

266 3179 364 3236 miuus
386 3197 457 3236 vera
480 3179 553 3250 sint,
578 3177 702 3235 necdum
720 3179 798 3235 euim
816 3179 977 3238 mentiendi
995 3199 1083 3238 causa
1105 3187 1168 3236 ess'e
1191 3179 1322 3238 videtur.
1347 3209 1383 3219 -

267 3279 376 3338 Versus
399 3283 586 3358 septenarius
608 3287 670 3354 est;
705 3279 803 3354 Weis,
834 3299 892 3356 quo
914 3284 1097 3340 octonarium
1120 3281 1247 3340 faceret:
1283 3302 1383 3354 „manu

267 3401 312 3440 me
335 3380 461 3441 emitti“.
507 3383 615 3441 Verum
639 3384 729 3440 etiam
751 3386 905 3460 proximus
928 3403 1039 3456 versus,
1068 3387 1093 3442 si
1116 3377 1200 3442 co'dd.
1226 3389 1382 3462 sequimur,

267 3503 325 3542 non
360 3486 530 3543 octonarius
563 3491 622 3558 est,
664 3485 716 3544 sed
745 3485 804 3544 duc
833 3486 951 3544 dimetri
980 3488 1157 3559 catalectici,
1192 3489 1383 3563 sequiturque

265 3591 391 3662 quartus
421 3587 552 3646 eiusdem
580 3589 706 3662 generis.
762 3588 859 3660 Quare
887 3592 985 3649 nescio
1015 3611 1052 3648 an
1084 3609 1187 3648 versus
1218 3592 1261 3648 sic
1290 3592 1383 3666 potius

264 3687 453 3747 describendi
475 3690 542 3763 sint,
566 3696 600 3748 ut
622 3691 717 3748 voluit
739 3691 883 3768 Seyffert,
908 3691 1014 3751 Philol.
1038 3692 1160 3764 XXVII,
1184 3713 1213 3768 p.
1239 3695 1302 3752 439
1326 3714 1382 3770 sq:
1445 3773 1446 3778 ἵ

361 3789 445 3850 LYC.
470 3793 528 3853 Ubi
550 3794 582 3851 id
605 3800 650 3852 est
672 3793 796 3852 aurum?
841 3793 922 3853 STR.
946 3796 981 3854 In
1004 3815 1072 3854 arca
1096 3793 1175 3872 apud
1199 3813 1254 3854 me.

470 3895 554 3954 Nunc
577 3897 647 3956 uolo
671 3917 716 3954 me
740 3899 834 3955 emitti
858 3917 956 3957 manu.

361 3996 445 4058 LYO.
469 3997 571 4074 Egone
595 4004 625 4058 te
648 4001 781 4057 emittam
804 4019 903 4072 manu,

469 4099 618 4158 Scelerum
642 4098 905 4160 cumulatissumel

362 4201 442 4260 STR.
466 4203 534 4274 Abi,
559 4221 617 4274 ere,
641 4206 702 4260 scio
727 4224 813 4280 quam
836 4225 898 4262 rem
922 4224 1016 4281 geras.

265 4305 334 4362 816.
370 4319 465 4362 mauu
494 4311 524 4362 et
552 4299 805 4365 cumulatiseame
834 4307 903 4365 olim
934 4307 1099 4366 emendata.
1129 4337 1172 4348 -
1206 4309 1279 4367 817.
1311 4304 1379 4378 Ati,

263 4405 434 4464 mediisin.
449 4407 519 4466 697.
534 4435 571 4447 -
592 4403 657 4466 scic
679 4421 772 4484 queam
793 4424 859 4468 rem
880 4425 981 4486 perae,
1006 4414 1025 4471 i.
1039 4433 1064 4470 e.
1085 4411 1158 4489 quid
1182 4431 1261 4488 agas,
1287 4433 1327 4471 sc.
1351 4418 1380 4468 ut
