<?xml version="1.0" encoding="UTF-8"?>
<!DOCTYPE html PUBLIC "-//W3C//DTD XHTML 1.0 Transitional//EN"
    "http://www.w3.org/TR/xhtml1/DTD/xhtml1-transitional.dtd">
<html xmlns="http://www.w3.org/1999/xhtml" xml:lang="en" lang="en">
 <head>
  <title>
</title>
<meta http-equiv="Content-Type" content="text/html;charset=utf-8" />
  <meta name='ocr-system' content='tesseract 3.04.00' />
  <meta name='ocr-capabilities' content='ocr_page ocr_carea ocr_par ocr_line ocrx_word'/>
</head>
<body>
  <div class='ocr_page' id='page_1' title='image "./tmacciiplautico00ussigoog_0071.png"; bbox 0 0 2960 5012; ppageno 0'>
   <div class='ocr_carea' id='block_1_1' title="bbox 816 493 1414 562">
    <p class='ocr_par' dir='ltr' id='par_1_1' title="bbox 816 493 1414 562">
     <span class='ocr_line' id='line_1_1' title="bbox 816 493 1414 562; baseline 0 -12"><span class='ocrx_word' id='word_1_1' title='bbox 816 493 912 550; x_wconf 65' lang='lat' dir='ltr'><strong>Plauti</strong></span> <span class='ocrx_word' id='word_1_2' title='bbox 1216 493 1414 562; x_wconf 58' lang='lat' dir='ltr'><strong>sulcet-44</strong></span> 
     </span>
    </p>
   </div>
   <div class='ocr_carea' id='block_1_2' title="bbox 278 681 1417 3014">
    <p class='ocr_par' dir='ltr' id='par_1_2' title="bbox 278 681 1417 3014">
     <span class='ocr_line' id='line_1_2' title="bbox 756 681 980 767; baseline 0.009 -19"><span class='ocrx_word' id='word_1_3' title='bbox 756 681 980 767; x_wconf 79' lang='lat' dir='ltr'><strong>Lyconides</strong></span> 
     </span>
     <span class='ocr_line' id='line_1_3' title="bbox 514 789 1416 875; baseline 0.007 -19"><span class='ocrx_word' id='word_1_4' title='bbox 514 791 584 856; x_wconf 86' lang='lat' dir='ltr'><strong>Nisi</strong></span> <span class='ocrx_word' id='word_1_5' title='bbox 606 789 738 874; x_wconf 88' lang='lat' dir='ltr'><strong>quidem</strong></span> <span class='ocrx_word' id='word_1_6' title='bbox 759 798 797 858; x_wconf 88' lang='lat' dir='ltr'><strong>tu</strong></span> <span class='ocrx_word' id='word_1_7' title='bbox 819 789 907 871; x_wconf 87' lang='lat' dir='ltr'><strong>mibi,</strong></span> <span class='ocrx_word' id='word_1_8' title='bbox 930 790 1011 874; x_wconf 90' lang='lat' dir='ltr'><strong>quid</strong></span> <span class='ocrx_word' id='word_1_9' title='bbox 1032 811 1183 875; x_wconf 75' lang='lat' dir='ltr'><strong>quaeras,</strong></span> <span class='ocrx_word' id='word_1_10' title='bbox 1205 790 1336 858; x_wconf 79' lang='lat' dir='ltr'>dixeris.</span> <span class='ocrx_word' id='word_1_11' title='bbox 1368 807 1416 862; x_wconf 74' lang='lat' dir='ltr'><strong>tte</strong></span> 
     </span>
     <span class='ocr_line' id='line_1_4' title="bbox 795 898 940 965; baseline 0.021 -3"><span class='ocrx_word' id='word_1_12' title='bbox 795 898 940 965; x_wconf 86' lang='lat' dir='ltr'><strong>Euclio</strong></span> 
     </span>
     <span class='ocr_line' id='line_1_5' title="bbox 304 1005 1415 1091; baseline -0.003 -17"><span class='ocrx_word' id='word_1_13' title='bbox 304 1006 422 1074; x_wconf 79' lang='lat' dir='ltr'><strong>Aulam</strong></span> <span class='ocrx_word' id='word_1_14' title='bbox 444 1008 528 1086; x_wconf 87' lang='lat' dir='ltr'><strong>auri,</strong></span> <span class='ocrx_word' id='word_1_15' title='bbox 555 1007 698 1089; x_wconf 85' lang='lat' dir='ltr'><strong>inquam,</strong></span> <span class='ocrx_word' id='word_1_16' title='bbox 721 1012 755 1073; x_wconf 89' lang='lat' dir='ltr'><strong>te</strong></span> <span class='ocrx_word' id='word_1_17' title='bbox 776 1027 924 1091; x_wconf 90' lang='lat' dir='ltr'><strong>reposco,</strong></span> <span class='ocrx_word' id='word_1_18' title='bbox 948 1027 1046 1090; x_wconf 87' lang='lat' dir='ltr'><strong>quam</strong></span> <span class='ocrx_word' id='word_1_19' title='bbox 1068 1013 1105 1073; x_wconf 91' lang='lat' dir='ltr'><strong>tu</strong></span> <span class='ocrx_word' id='word_1_20' title='bbox 1128 1006 1323 1074; x_wconf 84' lang='lat' dir='ltr'><strong>coufessus&#39;e</strong></span> <span class='ocrx_word' id='word_1_21' title='bbox 1343 1005 1415 1072; x_wconf 87' lang='lat' dir='ltr'><strong>mibi</strong></span> 
     </span>
     <span class='ocr_line' id='line_1_6' title="bbox 278 1105 560 1184; baseline -0.018 0"><span class='ocrx_word' id='word_1_22' title='bbox 278 1105 280 1110; x_wconf 64' lang='grc'><strong>’</strong></span> <span class='ocrx_word' id='word_1_23' title='bbox 305 1115 351 1184; x_wconf 89' lang='lat' dir='ltr'><strong>Te</strong></span> <span class='ocrx_word' id='word_1_24' title='bbox 373 1115 560 1182; x_wconf 78' lang='lat' dir='ltr'>abstulisse.</span> 
     </span>
     <span class='ocr_line' id='line_1_7' title="bbox 755 1222 980 1307; baseline 0.009 -19"><span class='ocrx_word' id='word_1_25' title='bbox 755 1222 980 1307; x_wconf 76' lang='lat' dir='ltr'>Lyconides</span> 
     </span>
     <span class='ocr_line' id='line_1_8' title="bbox 602 1328 1253 1416; baseline 0.002 -20"><span class='ocrx_word' id='word_1_26' title='bbox 602 1329 716 1415; x_wconf 82' lang='lat' dir='ltr'><strong>Neque</strong></span> <span class='ocrx_word' id='word_1_27' title='bbox 739 1330 857 1415; x_wconf 87' lang='lat' dir='ltr'><strong>edepol</strong></span> <span class='ocrx_word' id='word_1_28' title='bbox 879 1351 939 1414; x_wconf 79' lang='lat' dir='ltr'><strong>ego</strong></span> <span class='ocrx_word' id='word_1_29' title='bbox 962 1331 1029 1396; x_wconf 87' lang='lat' dir='ltr'><strong>dixi</strong></span> <span class='ocrx_word' id='word_1_30' title='bbox 1051 1351 1157 1416; x_wconf 90' lang='lat' dir='ltr'><strong>neque</strong></span> <span class='ocrx_word' id='word_1_31' title='bbox 1180 1328 1253 1397; x_wconf 86' lang='lat' dir='ltr'><strong>ieci.</strong></span> 
     </span>
     <span class='ocr_line' id='line_1_9' title="bbox 792 1437 935 1506; baseline 0.014 -2"><span class='ocrx_word' id='word_1_32' title='bbox 792 1437 935 1506; x_wconf 86' lang='lat' dir='ltr'><strong>Euclio</strong></span> 
     </span>
     <span class='ocr_line' id='line_1_10' title="bbox 1294 1546 1417 1632; baseline -0.016 -20"><span class='ocrx_word' id='word_1_33' title='bbox 1294 1546 1417 1632; x_wconf 76' lang='lat' dir='ltr'><strong>Negas?</strong></span> 
     </span>
     <span class='ocr_line' id='line_1_11' title="bbox 752 1653 983 1738; baseline 0.009 -20"><span class='ocrx_word' id='word_1_34' title='bbox 752 1653 983 1738; x_wconf 84' lang='lat' dir='ltr'><strong>Lyconides</strong></span> 
     </span>
     <span class='ocr_line' id='line_1_12' title="bbox 304 1761 1414 1846; baseline 0.001 -19"><span class='ocrx_word' id='word_1_35' title='bbox 304 1761 450 1846; x_wconf 82' lang='lat' dir='ltr'><strong>Pernego</strong></span> <span class='ocrx_word' id='word_1_36' title='bbox 472 1763 586 1844; x_wconf 83' lang='lat' dir='ltr'><strong>imm03</strong></span> <span class='ocrx_word' id='word_1_37' title='bbox 615 1783 691 1828; x_wconf 87' lang='lat' dir='ltr'><strong>nam</strong></span> <span class='ocrx_word' id='word_1_38' title='bbox 712 1783 818 1845; x_wconf 88' lang='lat' dir='ltr'><strong>neque</strong></span> <span class='ocrx_word' id='word_1_39' title='bbox 847 1782 907 1844; x_wconf 80' lang='lat' dir='ltr'><strong>ego</strong></span> <span class='ocrx_word' id='word_1_40' title='bbox 934 1783 1049 1828; x_wconf 85' lang='lat' dir='ltr'><strong>aurum</strong></span> <span class='ocrx_word' id='word_1_41' title='bbox 1084 1782 1189 1844; x_wconf 92' lang='lat' dir='ltr'><strong>neque</strong></span> <span class='ocrx_word' id='word_1_42' title='bbox 1218 1763 1323 1828; x_wconf 83' lang='lat' dir='ltr'><strong>istaec</strong></span> <span class='ocrx_word' id='word_1_43' title='bbox 1347 1762 1414 1828; x_wconf 87' lang='lat' dir='ltr'><strong>aula</strong></span> 
     </span>
     <span class='ocr_line' id='line_1_13' title="bbox 1016 1870 1191 1952; baseline 0.006 -17"><span class='ocrx_word' id='word_1_44' title='bbox 1016 1889 1100 1952; x_wconf 84' lang='lat' dir='ltr'><strong>quse</strong></span> <span class='ocrx_word' id='word_1_45' title='bbox 1121 1870 1191 1951; x_wconf 86' lang='lat' dir='ltr'><strong>siet,</strong></span> 
     </span>
     <span class='ocr_line' id='line_1_14' title="bbox 303 1977 567 2045; baseline 0.008 -2"><span class='ocrx_word' id='word_1_46' title='bbox 303 1977 377 2044; x_wconf 87' lang='lat' dir='ltr'><strong>Soio</strong></span> <span class='ocrx_word' id='word_1_47' title='bbox 399 1999 459 2044; x_wconf 92' lang='lat' dir='ltr'><strong>nec</strong></span> <span class='ocrx_word' id='word_1_48' title='bbox 480 1981 567 2045; x_wconf 90' lang='lat' dir='ltr'><strong>noui.</strong></span> 
     </span>
     <span class='ocr_line' id='line_1_15' title="bbox 790 2086 935 2152; baseline 0 -2"><span class='ocrx_word' id='word_1_49' title='bbox 790 2086 935 2152; x_wconf 84' lang='lat' dir='ltr'><strong>Euclio</strong></span> 
     </span>
     <span class='ocr_line' id='line_1_16' title="bbox 554 2191 1412 2278; baseline -0.005 -18"><span class='ocrx_word' id='word_1_50' title='bbox 554 2194 660 2274; x_wconf 86' lang='lat' dir='ltr'><strong>illam,</strong></span> <span class='ocrx_word' id='word_1_51' title='bbox 684 2215 725 2260; x_wconf 81' lang='lat' dir='ltr'><strong>ex</strong></span> <span class='ocrx_word' id='word_1_52' title='bbox 746 2193 872 2260; x_wconf 71' lang='lat' dir='ltr'><strong>Siluani</strong></span> <span class='ocrx_word' id='word_1_53' title='bbox 892 2193 967 2258; x_wconf 89' lang='lat' dir='ltr'><strong>luco</strong></span> <span class='ocrx_word' id='word_1_54' title='bbox 990 2214 1090 2278; x_wconf 87' lang='lat' dir='ltr'><strong>quarn</strong></span> <span class='ocrx_word' id='word_1_55' title='bbox 1112 2193 1310 2275; x_wconf 72' lang='lat' dir='ltr'><strong>abstuleras,</strong></span> <span class='ocrx_word' id='word_1_56' title='bbox 1332 2191 1412 2259; x_wconf 88' lang='lat' dir='ltr'><strong>cedo.</strong></span> 
     </span>
     <span class='ocr_line' id='line_1_17' title="bbox 302 2301 1417 2385; baseline 0.004 -19"><span class='ocrx_word' id='word_1_57' title='bbox 302 2301 328 2381; x_wconf 97' lang='lat' dir='ltr'><strong>I,</strong></span> <span class='ocrx_word' id='word_1_58' title='bbox 350 2301 444 2368; x_wconf 81' lang='lat' dir='ltr'><strong>refer.</strong></span> <span class='ocrx_word' id='word_1_59' title='bbox 490 2301 667 2368; x_wconf 81' lang='lat' dir='ltr'><strong>Dimidium</strong></span> <span class='ocrx_word' id='word_1_60' title='bbox 688 2308 799 2368; x_wconf 85' lang='lat' dir='ltr'><strong>tecum</strong></span> <span class='ocrx_word' id='word_1_61' title='bbox 819 2303 931 2385; x_wconf 80' lang='lat' dir='ltr'><strong>potius</strong></span> <span class='ocrx_word' id='word_1_62' title='bbox 952 2309 1080 2384; x_wconf 84' lang='lat' dir='ltr'><strong>partem</strong></span> <span class='ocrx_word' id='word_1_63' title='bbox 1102 2301 1258 2367; x_wconf 89' lang='lat' dir='ltr'><strong>diuidam.</strong></span> <span class='ocrx_word' id='word_1_64' title='bbox 1369 2317 1417 2370; x_wconf 78' lang='grc'><strong>760</strong></span> 
     </span>
     <span class='ocr_line' id='line_1_18' title="bbox 301 2401 1317 2490; baseline 0 -16"><span class='ocrx_word' id='word_1_65' title='bbox 301 2409 447 2476; x_wconf 78' lang='lat' dir='ltr'><strong>Tametsi</strong></span> <span class='ocrx_word' id='word_1_66' title='bbox 467 2408 520 2474; x_wconf 81' lang='lat' dir='ltr'><strong>fur</strong></span> <span class='ocrx_word' id='word_1_67' title='bbox 542 2410 621 2474; x_wconf 90' lang='lat' dir='ltr'><strong>mihi</strong></span> <span class='ocrx_word' id='word_1_68' title='bbox 643 2431 687 2488; x_wconf 88' lang='lat' dir='ltr'><strong>es,</strong></span> <span class='ocrx_word' id='word_1_69' title='bbox 709 2410 867 2476; x_wconf 86' lang='lat' dir='ltr'><strong>molestus</strong></span> <span class='ocrx_word' id='word_1_70' title='bbox 888 2429 953 2474; x_wconf 91' lang='lat' dir='ltr'><strong>non</strong></span> <span class='ocrx_word' id='word_1_71' title='bbox 976 2401 1085 2490; x_wconf 74' lang='lat' dir='ltr'><strong>inere,</strong></span> <span class='ocrx_word' id='word_1_72' title='bbox 1107 2409 1194 2475; x_wconf 81' lang='lat' dir='ltr'><strong>refer</strong></span> <span class='ocrx_word' id='word_1_73' title='bbox 1215 2409 1317 2474; x_wconf 79' lang='lat' dir='ltr'><strong>modu</strong></span> 
     </span>
     <span class='ocr_line' id='line_1_19' title="bbox 746 2517 974 2601; baseline 0 -19"><span class='ocrx_word' id='word_1_74' title='bbox 746 2517 974 2601; x_wconf 81' lang='lat' dir='ltr'><strong>Lyconides</strong></span> 
     </span>
     <span class='ocr_line' id='line_1_20' title="bbox 303 2623 1336 2708; baseline 0 -17"><span class='ocrx_word' id='word_1_75' title='bbox 303 2625 409 2691; x_wconf 85' lang='lat' dir='ltr'><strong>Sanus</strong></span> <span class='ocrx_word' id='word_1_76' title='bbox 430 2632 467 2690; x_wconf 90' lang='lat' dir='ltr'><strong>tu</strong></span> <span class='ocrx_word' id='word_1_77' title='bbox 489 2647 554 2692; x_wconf 92' lang='lat' dir='ltr'><strong>nun</strong></span> <span class='ocrx_word' id='word_1_78' title='bbox 576 2647 621 2704; x_wconf 88' lang='lat' dir='ltr'><strong>es,</strong></span> <span class='ocrx_word' id='word_1_79' title='bbox 644 2627 700 2708; x_wconf 91' lang='lat' dir='ltr'><strong>qui</strong></span> <span class='ocrx_word' id='word_1_80' title='bbox 722 2625 827 2690; x_wconf 88' lang='lat' dir='ltr'><strong>furem</strong></span> <span class='ocrx_word' id='word_1_81' title='bbox 850 2647 901 2691; x_wconf 91' lang='lat' dir='ltr'><strong>me</strong></span> <span class='ocrx_word' id='word_1_82' title='bbox 924 2646 1038 2706; x_wconf 88' lang='lat' dir='ltr'><strong>uooes;</strong></span> <span class='ocrx_word' id='word_1_83' title='bbox 1061 2645 1121 2708; x_wconf 86' lang='lat' dir='ltr'><strong>ego</strong></span> <span class='ocrx_word' id='word_1_84' title='bbox 1144 2631 1188 2704; x_wconf 89' lang='lat' dir='ltr'><strong>te,</strong></span> <span class='ocrx_word' id='word_1_85' title='bbox 1212 2623 1336 2705; x_wconf 87' lang='lat' dir='ltr'><strong>Euclio,</strong></span> 
     </span>
     <span class='ocr_line' id='line_1_21' title="bbox 300 2731 1273 2812; baseline -0.002 -14"><span class='ocrx_word' id='word_1_86' title='bbox 300 2733 350 2799; x_wconf 89' lang='lat' dir='ltr'><strong>De</strong></span> <span class='ocrx_word' id='word_1_87' title='bbox 373 2734 439 2798; x_wconf 90' lang='lat' dir='ltr'><strong>alia</strong></span> <span class='ocrx_word' id='word_1_88' title='bbox 459 2755 495 2798; x_wconf 90' lang='lat' dir='ltr'><strong>re</strong></span> <span class='ocrx_word' id='word_1_89' title='bbox 517 2734 688 2799; x_wconf 90' lang='lat' dir='ltr'><strong>resciuisse</strong></span> <span class='ocrx_word' id='word_1_90' title='bbox 711 2735 833 2799; x_wconf 85' lang='lat' dir='ltr'><strong>censui.</strong></span> <span class='ocrx_word' id='word_1_91' title='bbox 879 2731 973 2810; x_wconf 84' lang='lat' dir='ltr'><strong>Quod</strong></span> <span class='ocrx_word' id='word_1_92' title='bbox 996 2733 1111 2798; x_wconf 91' lang='lat' dir='ltr'><strong>adme</strong></span> <span class='ocrx_word' id='word_1_93' title='bbox 1134 2731 1273 2812; x_wconf 89' lang='lat' dir='ltr'><strong>adtinet,</strong></span> 
     </span>
     <span class='ocr_line' id='line_1_22' title="bbox 300 2837 1412 2926; baseline -0.004 -20"><span class='ocrx_word' id='word_1_94' title='bbox 300 2841 526 2925; x_wconf 55' lang='lat' dir='ltr'><strong>Magnesiae,</strong></span> <span class='ocrx_word' id='word_1_95' title='bbox 549 2862 647 2924; x_wconf 85' lang='lat' dir='ltr'><strong>quem</strong></span> <span class='ocrx_word' id='word_1_96' title='bbox 664 2861 724 2924; x_wconf 81' lang='lat' dir='ltr'><strong>ego</strong></span> <span class='ocrx_word' id='word_1_97' title='bbox 741 2849 850 2908; x_wconf 89' lang='lat' dir='ltr'><strong>tecum</strong></span> <span class='ocrx_word' id='word_1_98' title='bbox 863 2843 977 2920; x_wconf 82' lang='lat' dir='ltr'><strong>otiose,</strong></span> <span class='ocrx_word' id='word_1_99' title='bbox 1001 2842 1028 2906; x_wconf 95' lang='lat' dir='ltr'><strong>si</strong></span> <span class='ocrx_word' id='word_1_100' title='bbox 1041 2842 1185 2920; x_wconf 90' lang='lat' dir='ltr'><strong>otiumst,</strong></span> <span class='ocrx_word' id='word_1_101' title='bbox 1210 2843 1307 2926; x_wconf 89' lang='lat' dir='ltr'><strong>cupio</strong></span> <span class='ocrx_word' id='word_1_102' title='bbox 1319 2837 1412 2923; x_wconf 85' lang='lat' dir='ltr'><strong>loqui</strong></span> 
     </span>
     <span class='ocr_line' id='line_1_23' title="bbox 790 2949 931 3014; baseline 0 0"><span class='ocrx_word' id='word_1_103' title='bbox 790 2949 931 3014; x_wconf 86' lang='lat' dir='ltr'><strong>Euclio</strong></span> 
     </span>
    </p>
   </div>
   <div class='ocr_carea' id='block_1_3' title="bbox 300 3055 1150 3248">
    <p class='ocr_par' dir='ltr' id='par_1_3' title="bbox 300 3055 1150 3248">
     <span class='ocr_line' id='line_1_24' title="bbox 300 3055 1150 3158; baseline -0.002 -35"><span class='ocrx_word' id='word_1_104' title='bbox 300 3057 360 3124; x_wconf 90' lang='lat' dir='ltr'><strong>Dic</strong></span> <span class='ocrx_word' id='word_1_105' title='bbox 381 3057 469 3124; x_wconf 87' lang='lat' dir='ltr'><strong>bona</strong></span> <span class='ocrx_word' id='word_1_106' title='bbox 490 3055 569 3122; x_wconf 89' lang='lat' dir='ltr'><strong>fide:</strong></span> <span class='ocrx_word' id='word_1_107' title='bbox 592 3064 629 3123; x_wconf 91' lang='lat' dir='ltr'><strong>tu</strong></span> <span class='ocrx_word' id='word_1_108' title='bbox 651 3057 685 3122; x_wconf 92' lang='lat' dir='ltr'><strong>id</strong></span> <span class='ocrx_word' id='word_1_109' title='bbox 708 3078 824 3124; x_wconf 87' lang='lat' dir='ltr'><strong>aurum</strong></span> <span class='ocrx_word' id='word_1_110' title='bbox 846 3057 1150 3158; x_wconf 35' lang='lat' dir='ltr'><strong>non&#39;subripuisti?</strong></span> 
     </span>
     <span class='ocr_line' id='line_1_25' title="bbox 751 3164 974 3248; baseline -0.004 -18"><span class='ocrx_word' id='word_1_111' title='bbox 751 3164 974 3248; x_wconf 79' lang='lat' dir='ltr'><strong>Lyconides</strong></span> 
     </span>
    </p>
   </div>
   <div class='ocr_carea' id='block_1_4' title="bbox 1218 3271 1412 3337">
    <p class='ocr_par' dir='ltr' id='par_1_4' title="bbox 1218 3271 1412 3337">
     <span class='ocr_line' id='line_1_26' title="bbox 1218 3271 1412 3337; baseline -0.01 -2"><span class='ocrx_word' id='word_1_112' title='bbox 1218 3271 1321 3337; x_wconf 86' lang='lat' dir='ltr'><strong>Bona.</strong></span> <span class='ocrx_word' id='word_1_113' title='bbox 1365 3281 1412 3336; x_wconf 75' lang='lat' dir='ltr'><strong>tto</strong></span> 
     </span>
    </p>
   </div>
   <div class='ocr_carea' id='block_1_5' title="bbox 297 3381 1407 4109">
    <p class='ocr_par' dir='ltr' id='par_1_5' title="bbox 297 3381 1407 4109">
     <span class='ocr_line' id='line_1_27' title="bbox 785 3381 930 3446; baseline 0.007 -1"><span class='ocrx_word' id='word_1_114' title='bbox 785 3381 930 3446; x_wconf 85' lang='lat' dir='ltr'><strong>Euclio</strong></span> 
     </span>
     <span class='ocr_line' id='line_1_28' title="bbox 299 3488 865 3575; baseline -0.005 -20"><span class='ocrx_word' id='word_1_115' title='bbox 299 3488 413 3575; x_wconf 90' lang='lat' dir='ltr'><strong>Neque</strong></span> <span class='ocrx_word' id='word_1_116' title='bbox 437 3495 470 3555; x_wconf 85' lang='lat' dir='ltr'><strong>tu</strong></span> <span class='ocrx_word' id='word_1_117' title='bbox 492 3491 565 3569; x_wconf 89' lang='lat' dir='ltr'><strong>scis,</strong></span> <span class='ocrx_word' id='word_1_118' title='bbox 589 3491 647 3572; x_wconf 91' lang='lat' dir='ltr'><strong>qui</strong></span> <span class='ocrx_word' id='word_1_119' title='bbox 668 3489 865 3556; x_wconf 77' lang='lat' dir='ltr'><strong>abstulerit?</strong></span> 
     </span>
     <span class='ocr_line' id='line_1_29' title="bbox 744 3595 972 3681; baseline -0.009 -20"><span class='ocrx_word' id='word_1_120' title='bbox 744 3595 972 3681; x_wconf 82' lang='lat' dir='ltr'><strong>Lyconides</strong></span> 
     </span>
     <span class='ocr_line' id='line_1_30' title="bbox 797 3703 1156 3787; baseline 0 -19"><span class='ocrx_word' id='word_1_121' title='bbox 797 3704 887 3768; x_wconf 88' lang='lat' dir='ltr'><strong>Istuc</strong></span> <span class='ocrx_word' id='word_1_122' title='bbox 909 3723 1037 3787; x_wconf 89' lang='lat' dir='ltr'><strong>quoque</strong></span> <span class='ocrx_word' id='word_1_123' title='bbox 1060 3703 1156 3770; x_wconf 88' lang='lat' dir='ltr'><strong>bona.</strong></span> 
     </span>
     <span class='ocr_line' id='line_1_31' title="bbox 787 3812 927 3876; baseline 0 0"><span class='ocrx_word' id='word_1_124' title='bbox 787 3812 927 3876; x_wconf 89' lang='lat' dir='ltr'><strong>Euclio</strong></span> 
     </span>
     <span class='ocr_line' id='line_1_32' title="bbox 1099 3915 1407 4000; baseline -0.023 -18"><span class='ocrx_word' id='word_1_125' title='bbox 1099 3919 1205 4000; x_wconf 87' lang='lat' dir='ltr'><strong>Atque</strong></span> <span class='ocrx_word' id='word_1_126' title='bbox 1228 3918 1263 3984; x_wconf 92' lang='lat' dir='ltr'><strong>id</strong></span> <span class='ocrx_word' id='word_1_127' title='bbox 1285 3919 1313 3984; x_wconf 90' lang='lat' dir='ltr'><strong>si</strong></span> <span class='ocrx_word' id='word_1_128' title='bbox 1334 3915 1407 3982; x_wconf 88' lang='lat' dir='ltr'><strong>scies</strong></span> 
     </span>
     <span class='ocr_line' id='line_1_33' title="bbox 297 4027 876 4109; baseline -0.003 -15"><span class='ocrx_word' id='word_1_129' title='bbox 297 4029 360 4107; x_wconf 81' lang='lat' dir='ltr'><strong>Qui</strong></span> <span class='ocrx_word' id='word_1_130' title='bbox 381 4029 566 4109; x_wconf 85' lang='lat' dir='ltr'><strong>abstulerit,</strong></span> <span class='ocrx_word' id='word_1_131' title='bbox 589 4029 669 4094; x_wconf 91' lang='lat' dir='ltr'><strong>mihi</strong></span> <span class='ocrx_word' id='word_1_132' title='bbox 691 4027 876 4094; x_wconf 79' lang='lat' dir='ltr'><strong>indicabis?</strong></span> 
     </span>
    </p>
   </div>
   <div class='ocr_carea' id='block_1_6' title="bbox 294 4273 1407 4438">
    <p class='ocr_par' dir='ltr' id='par_1_6' title="bbox 294 4273 1407 4438">
     <span class='ocr_line' id='line_1_34' title="bbox 363 4273 1407 4340; baseline -0.014 -1"><span class='ocrx_word' id='word_1_133' title='bbox 363 4287 412 4340; x_wconf 78' lang='grc'><strong>756</strong></span> <span class='ocrx_word' id='word_1_134' title='bbox 430 4283 573 4338; x_wconf 83' lang='lat' dir='ltr'><strong>consessus</strong></span> <span class='ocrx_word' id='word_1_135' title='bbox 643 4284 693 4337; x_wconf 77' lang='lat'><strong>759</strong></span> <span class='ocrx_word' id='word_1_136' title='bbox 711 4281 791 4338; x_wconf 85' lang='lat' dir='ltr'><strong>Illam</strong></span> <span class='ocrx_word' id='word_1_137' title='bbox 810 4287 839 4337; x_wconf 87' lang='lat' dir='ltr'><strong>et</strong></span> <span class='ocrx_word' id='word_1_138' title='bbox 857 4281 963 4338; x_wconf 79' lang='lat' dir='ltr'><strong>Siluani</strong></span> <span class='ocrx_word' id='word_1_139' title='bbox 1024 4283 1074 4336; x_wconf 78' lang='lat'><strong>761</strong></span> <span class='ocrx_word' id='word_1_140' title='bbox 1093 4297 1152 4336; x_wconf 89' lang='lat' dir='ltr'><strong>non</strong></span> <span class='ocrx_word' id='word_1_141' title='bbox 1170 4297 1218 4336; x_wconf 90' lang='lat' dir='ltr'><strong>ero</strong></span> <span class='ocrx_word' id='word_1_142' title='bbox 1237 4280 1317 4336; x_wconf 85' lang='lat' dir='ltr'><strong>fuero</strong></span> <span class='ocrx_word' id='word_1_143' title='bbox 1334 4273 1407 4332; x_wconf 83' lang='lat' dir='ltr'><strong>refer.</strong></span> 
     </span>
     <span class='ocr_line' id='line_1_35' title="bbox 294 4369 614 4438; baseline 0 -14"><span class='ocrx_word' id='word_1_144' title='bbox 294 4371 345 4424; x_wconf 77' lang='grc'><strong>’165</strong></span> <span class='ocrx_word' id='word_1_145' title='bbox 363 4369 521 4438; x_wconf 83' lang='lat' dir='ltr'><strong>surripuisti</strong></span> <span class='ocrx_word' id='word_1_146' title='bbox 540 4370 614 4424; x_wconf 85' lang='lat' dir='ltr'><strong>bone</strong></span> 
     </span>
    </p>
   </div>
   <div class='ocr_carea' id='block_1_7' title="bbox 0 0 1484 5012">
    <p class='ocr_par' dir='ltr' id='par_1_7' title="bbox 0 0 1484 5012">
     <span class='ocr_line' id='line_1_36' title="bbox 0 0 1484 5012; baseline 0 3"><span class='ocrx_word' id='word_1_147' title='bbox 0 0 1484 5012; x_wconf 95' lang='lat' dir='ltr'><strong> </strong></span> 
     </span>
    </p>
   </div>
  </div>
 </body>
</html>
