2956 5010
261 477 325 537 506
767 469 883 538 Captiui.

185 655 187 658 ¹
256 665 330 725 Ter.
348 665 465 726 Phorm.
480 668 556 724 844:
583 665 659 740 „Sed
682 684 736 742 ego
758 684 837 722 nunc
858 664 929 722 mibi
952 685 1043 738 cesso,
1068 667 1202 744 quinon
1228 665 1375 722 humerum

263 767 341 826 hunc
374 787 462 826 onero
491 765 613 846 pallio“.
670 767 712 826 Cf.
737 767 895 839 Wieseler,
930 767 1197 841 Theatergebttude
1226 787 1255 826 u.
1285 765 1378 824 Dauli-

264 870 355 926 mtler
378 870 428 928 des
450 870 688 930 Biibneuwasens
717 891 746 947 p.
772 871 810 928 73
841 869 902 927 tab.
927 869 978 944 Xl,
1004 872 1032 927 2.
1063 899 1106 909 -
1135 871 1207 928 773.
1239 869 1308 926 Post
1335 885 1380 926 me

261 971 371 1030 hiatur.
417 973 462 1032 Fl.
478 969 564 1045 „ille“
590 972 667 1044 add,
691 972 801 1030 Ritsch.
826 978 856 1029 et
875 971 922 1030 Br.
944 969 1047 1044 „med“
1068 992 1124 1031 scr.
1147 1001 1190 1012 --
1214 974 1285 1030 774.
1309 973 1377 1028 item

262 1073 363 1132 hiatur
386 1081 453 1151 post
473 1091 529 1148 me,
553 1077 610 1134 nisi
631 1082 824 1152 transponas:
853 1073 909 1145 „ob
931 1074 1008 1131 huno
1031 1071 1107 1132 me“.
1154 1074 1225 1132 Post
1242 1071 1381 1132 nundum

262 1176 362 1234 hiatus
386 1180 416 1234 in
440 1178 555 1236 diciaci
577 1177 744 1252 legitimus,
771 1197 895 1235 uacum
919 1175 1047 1234 Bosscha
1070 1182 1101 1234 et
1124 1176 1259 1235 Lindem.
1286 1179 1381 1248 „aeui-

262 1276 397 1336 ternum“
424 1279 571 1338 adsciscas
594 1299 630 1338 ex
655 1279 785 1338 Varrone
809 1299 855 1356 ap.
874 1279 1016 1337 Priscian.
1035 1278 1073 1350 II,
1096 1281 1143 1350 ll,
1166 1281 1215 1352 62,
1238 1298 1267 1354 p.
1288 1280 1325 1337 81
1344 1279 1380 1337 Η.

349 1385 419 1440 775.
454 1381 547 1458 Hegio
575 1382 705 1441 advenit.
760 1380 982 1458 AEgritudinem
1011 1401 1093 1438 suam
1124 1382 1240 1439 cantico
1268 1379 1383 1458 profert

259 1486 378 1542 creticis
396 1484 456 1541 iere
479 1488 609 1543 numeris
631 1486 804 1562 composito,
829 1503 955 1559 quorum
978 1485 1105 1542 maxima
1127 1504 1197 1562 pars
1219 1483 1381 1542 bacchiacis

262 1588 445 1644 tetrametris
463 1586 654 1660 describitur3
677 1589 768 1644 tertio
785 1593 901 1645 tantum
919 1587 1040 1644 brevior
1057 1586 1190 1644 clausula
1203 1585 1324 1644 additur
1341 1581 1379 1660 (v.

264 1681 349 1764 778),
370 1691 430 1747 782
454 1694 524 1764 post
543 1689 673 1748 iambum
692 1695 722 1747 et
742 1689 816 1748 duos
836 1691 963 1746 creticos
981 1687 1181 1746 choriambum
1200 1689 1297 1761 habet,
1322 1690 1378 1746 784

263 1792 435 1868 spondeum.
459 1822 501 1830 -
530 1794 600 1850 776.
624 1787 701 1850 mibi
722 1793 770 1849 vel
793 1791 832 1848 rui
855 1811 919 1850 curn
942 1791 1077 1866 proxima
1099 1790 1213 1866 syllaba
1236 1793 1378 1850 coalescit.

258 1891 381 1953 auctior·
402 1895 538 1953 ultimam
562 1895 710 1970 producit,
733 1915 761 1952 v.
785 1893 902 1968 Proleg.
927 1913 956 1969 p.
981 1895 1037 1952 195
1058 1913 1102 1970 sq.
1126 1923 1169 1933 -
1192 1897 1263 1952 777.
1287 1889 1379 1953 subli-

263 1998 336 2066 tum,
366 2003 434 2056 cett.
459 1997 555 2068 codd,
586 1997 622 2055 cf.
648 1999 718 2055 650.
740 2027 783 2036 -—
811 1997 882 2055 779.
916 1997 980 2054 tum
1002 1995 1138 2053 Lindem.
1164 1996 1290 2068 addidit,
1313 1997 1376 2056 coll.

262 2097 368 2158 Bacch.
396 2101 464 2160 143.
509 2101 605 2158 Casin.
632 2101 700 2158 139.
745 2099 865 2158 Trucul.
893 2101 960 2158 192.
984 2127 1027 2138 -
1053 2100 1124 2157 781.
1154 2094 1266 2158 ductus
1287 2099 1377 2159 codd..

260 2203 359 2278 quod,
394 2205 418 2260 si
445 2199 626 2280 „deceptue“¹
659 2202 850 2276 intelligitur,
886 2203 1018 2280 ineptam
1049 2201 1245 2276 tautologiam
1279 2201 1376 2272 babet,

261 2301 371 2363 (locius
394 2311 424 2362 et
453 2305 504 2361 alii
533 2305 728 2363 emendarunt
755 2310 785 2362 et
807 2304 922 2377 Dousa,
957 2305 993 2363 ci.
1017 2303 1098 2362 Pers.
1124 2306 1199 2363 593:
1237 2323 1309 2380 „ago
1330 2305 1376 2360 ills

215 2442 223 2466 ι
263 2407 366 2466 doctus
394 2407 460 2464 leno
488 2427 583 2484 paene
610 2408 640 2465 in
669 2407 785 2466 foueam
815 2403 942 2466 decidi“.
998 2406 1104 2465 Bacch.
1135 2408 1206 2465 691.
1235 2436 1277 2446 -
1312 2403 1378 2483 quoi

263 2509 328 2567 cod.
354 2509 427 2567 Brit.
453 2516 482 2566 et
504 2509 527 2566 B
551 2529 608 2568 sec.
634 2530 672 2568 m.
703 2539 745 2548 -
779 2511 850 2568 782.
886 2510 927 2570 Ut
956 2513 1071 2584 integer
1093 2507 1179 2566 fieret
1201 2515 1375 2578 tetrameter,

262 2610 323 2670 Fl.:
351 2632 455 2688 ,quem
479 2615 522 2668 ire
544 2609 663 2685 uide0“,
686 2613 737 2670 vix
759 2617 911 2670 rocta-
935 2615 1006 2672 783.
1035 2605 1185 2683 ConleetO,
1211 2632 1237 2670 v.
1256 2611 1293 2670 ad
1311 2611 1375 2668 777.

259 2713 309 2771 Ad
333 2715 377 2771 est
394 2713 442 2771 Br.
462 2714 590 2772 contulit
609 2713 668 2773 (lic.
688 2714 751 2773 Cat.
770 2717 837 2774 mai.
860 2715 907 2788 10,
933 2716 987 2774 34:
1014 2723 1066 2790 „ut
1084 2717 1183 2792 capite
1201 2711 1310 2792 ¹operto
1330 2714 1374 2771 sit.

348 2818 409 2873 784
438 2823 473 2874 ut
501 2819 616 2892 integer
643 2823 819 2876 tetrameter
849 2818 1022 2877 bacchiacua
1056 2816 1153 2888 fieret,
1187 2815 1234 2875 Fl.
1267 2810 1372 2888 „nunc“

262 2917 378 2976 addidit
405 2905 474 2996 post
506 2916 665 2990 „morem“.
711 2920 812 2980 Gertz.
839 2921 1007 2998 „Ergasile,
1037 2917 1108 2978 sis“.
1153 2917 1294 2978 Proxima
1316 2935 1374 2992 sep·

259 3024 385 3080 ‘tenariis
407 3022 568 3082 trochaicis
590 3024 702 3100 scripta
724 3029 802 3082 sunt.
825 3053 866 3063 —
891 3026 962 3084 785.
986 3017 1096 3082 Mittor
1116 3021 1163 3080 Fl.
1187 3042 1259 3096 em.;
1286 3020 1376 3094 ,Emi-

260 3121 334 3183 nor“
361 3129 439 3184 enim
462 3124 536 3183 nibil
560 3133 619 3199 est3
655 3146 691 3183 ex
712 3132 846 3204 person‘ae
869 3133 943 3185 nota
965 3131 1064 3185 ortum
1094 3125 1230 3198 videtur,
1263 3131 1297 3183 ut
1319 3125 1373 3180 793

261 3225 440 3300 „eminatio“
479 3247 514 3285 ex
551 3234 615 3300 „est
643 3225 797 3286 minatio“.
852 3229 962 3288 Versus
996 3248 1085 3287 causa
1112 3225 1157 3286 Fl.
1186 3230 1244 3300 ,mi
1272 3224 1372 3286 hodie“

257 3332 388 3406 scripsit.
435 3330 482 3388 Br.
510 3331 568 3402 „mi
590 3327 667 3388 hic“.
691 3360 734 3370 —
757 3331 827 3389 786.
852 3327 906 3406 qui
928 3329 1074 3390 Gruterus
1093 3350 1148 3388 em.
1169 3361 1212 3369 -
1235 3331 1304 3390 787.
1328 3344 1377 3389 ore

255 3428 362 3504 sistet,
393 3451 505 3507 pronus
527 3435 558 3491 in
581 3453 615 3491 os
639 3433 739 3504 cadet,
774 3434 810 3491 ci.
835 3432 919 3491 Cure.
944 3437 1015 3493 287.
1060 3435 1124 3494 Mil.
1150 3435 1226 3493 848:
1266 3435 1375 3511 „capite

255 3536 403 3592 sistebant
433 3532 528 3592 oadi“.
575 3529 719 3612 (Verbum
750 3535 822 3594 alibi
853 3555 969 3614 semper
997 3538 1188 3594 transitivum
1218 3543 1279 3609 est,
1312 3555 1376 3594 nam

257 3636 339 3713 apud
362 3636 518 3696 Manilium
541 3638 616 3696 falso
638 3635 817 3713 legebatur.)
862 3637 953 3697 Stich.
979 3640 1055 3698 287:
1094 3637 1142 3710 ,Si
1172 3659 1225 3697 rex
1248 3640 1375 3698 obstabit

254 3738 391 3812 obuiam,
431 3759 529 3816 regem
563 3742 659 3817 ipsum
694 3743 777 3818 prius
813 3739 1012 3818 peruertito“.
1074 3740 1213 3800 Ceterum
1243 3743 1267 3801 B
1295 3745 1376 3820 prius

261 3840 365 3916 ,‚are“;
389 3863 467 3900 man.
485 3863 543 3901 sec.
566 3863 583 3900 o
605 3843 829 3920 suprascripsit3
852 3843 960 3902 deinde
992 3841 1217 3920 „pugillatum“.
1244 3876 1281 3885 -
1306 3845 1374 3902 788.

193 3937 195 3948 '
257 3945 316 4003 Pro
339 3943 374 4003 ut
396 3946 459 4002 cod.
479 3945 552 4004 Brit.
580 3951 631 4018 „ut
653 3943 722 4018 ut“;
744 3944 789 4002 Fl.
810 3941 854 4004 ita
876 3965 930 4004 em.
953 3975 988 3984 -
1013 3942 1373 4006 acimaetensem.

256 4046 305 4106 Br.
330 4049 443 4106 confert
477 4047 548 4107 cist.
574 4049 643 4107 507.
694 4047 758 4106 Mil.
784 4050 854 4106 793.
895 4045 962 4106 add.
987 4048 1068 4106 Asin.
1095 4050 1143 4107 53.
1172 4079 1216 4090 -
1242 4047 1277 4108 ist
1297 4044 1375 4107 banc

246 4144 390 4223 plateam
403 4150 544 4227 Geppert.
565 4170 619 4208 em.
638 4179 679 4188 *-
699 4152 770 4210 790.
795 4150 851 4222 Qui
869 4152 900 4210 in
917 4151 991 4209 hanc
1008 4151 1138 4227 plateam
1157 4173 1235 4211 nunc
1253 4152 1370 4218 venerit,

256 4253 298 4324 is,
322 4254 433 4328 inquit,
452 4261 524 4342 tam
554 4251 743 4311 vehementer
765 4253 947 4329 pulsabitur,
979 4274 1067 4330 quam
1090 4255 1116 4312 si
1139 4253 1209 4312 belli
1232 4252 1371 4312 machinis

254 4352 388 4412 feriatur.
457 4347 589 4431 Psyllus
628 4375 693 4413 cum
733 4349 860 4414 ballista
893 4375 1012 4432 magnos
1045 4355 1158 4432 lapides
1191 4358 1368 4434 proiicieute,
