2922 5006
771 495 865 554 Plauti
1217 498 1355 570 maaet

725 683 919 752 Curculio

599 795 722 862 Dicam.
769 793 854 872 Quia
877 795 963 860 enim
985 794 1115 878 Persas,
1138 797 1356 882 Paphlagonas,

259 905 407 990 Sinopae,
430 903 566 984 Arabes,
590 901 704 985 Caras,
728 902 895 984 Oretanos,
919 901 1025 988 Syros,

258 1013 419 1079 Rhodiam
442 1021 542 1096 atque
565 1011 707 1098 Lyciam,
731 1011 902 1078 Perediam
924 1019 958 1078 et
979 1013 1212 1096 Perbibesiam,

259 1120 585 1188 Centauromachiam
607 1127 641 1186 et
663 1119 824 1186 Classiam
847 1117 1108 1188 Unomammiam
1317 1140 1358 1193 tlt

259 1229 462 1314 Libyamque
485 1234 516 1293 et
537 1250 626 1295 oram
651 1250 778 1294 omnem
801 1226 1107 1312 Contenebroniam,

258 1337 436 1404 Dimidiam
458 1343 587 1421 partem
609 1339 780 1404 nationum
803 1358 908 1421 usque
931 1338 1084 1420 omnium,

261 1445 397 1530 Subegit
419 1445 509 1512 solus
530 1447 620 1512 intra
641 1447 757 1531 uiginti
779 1444 859 1510 dies.

748 1586 856 1672 Lyco

260 1695 342 1761 Uah.

725 1823 920 1893 Curculio

390 1933 475 2013 Quid
498 1935 641 2001 mirare?

770 2063 874 2148 Lyco

690 2171 776 2250 Quia
798 2173 884 2238 enim
908 2173 941 2238 in
966 2193 1069 2240 cauea
1091 2175 1118 2239 si
1140 2174 1247 2240 forent
1435 2249 1436 2262 χ

261 2283 412 2350 Conclusi
434 2281 548 2347 itidem
569 2287 607 2346 ut
630 2279 711 2365 pulli
733 2279 917 2364 gallinacei,
1318 2296 1359 2349 450
1435 2293 1436 2328 ³

259 2392 399 2462 Itanon
421 2399 558 2476 potuere
580 2410 645 2456 uno
668 2409 753 2454 anno
777 2389 986 2456 circumirier.
1172 2387 1173 2390 ’

262 2500 369 2566 Credo
392 2498 501 2566 hercle
523 2505 555 2564 te
579 2517 656 2571 esse¹
673 2497 714 2562 ab
737 2497 812 2579 illo;
834 2519 910 2564 nam
931 2499 980 2564 ita
1000 2519 1104 2584 nugas
1126 2499 1234 2566 blatis.

730 2638 922 2708 Curculio

259 2751 361 2816 Immo
385 2751 484 2816 etiam
506 2770 615 2833 porro,
638 2749 666 2814 si
688 2749 748 2829 uis,
773 2749 890 2816 dicam.

772 2891 874 2976 Lyco

928 2999 983 3066 Nil
1006 3021 1125 3067 moror.

259 3109 403 3194 Sequere
425 3109 502 3190 hac,
524 3115 558 3174 te
581 3106 762 3188 absoluam,
786 3129 852 3192 qua
874 3109 1039 3174 aduenisti
1062 3109 1180 3192 gratia.

260 3219 368 3303 Atque
391 3237 499 3283 eccum
524 3215 631 3282 uideo.
675 3215 773 3296 Leno,
797 3217 898 3283 salue.

713 3358 932 3444 Cappadox

938 3467 1036 3533 Dite
1058 3474 1178 3534 ament.
1322 3479 1365 3534 sto

770 3575 874 3659 Lyco

263 3679 348 3758 Quid
369 3679 440 3761 hoc,
463 3680 552 3765 quod
574 3682 618 3748 ad
640 3689 673 3749 te
695 3683 818 3750 uenio?

714 3821 932 3912 Cappadox

840 3936 948 4017 Dicae,
972 3937 1052 4019 quid
1073 3936 1168 4003 uelis.

264 4109 427 4118 ..ψ

328 4209 448 4263 443-46
467 4211 554 4266 tribua
571 4211 702 4267 terrosa.
789 4215 841 4266 444
860 4213 959 4269 rhodia
978 4221 1033 4286 atq
1051 4217 1147 4272 liciam
1164 4205 1360 4272 Perrehdiamd

260 4309 311 4362 per
328 4292 479 4351 bablsaiam
547 4297 599 4352 446
617 4301 646 4352 et
663 4313 713 4353 om.
793 4300 995 4355 contenebrom
1013 4301 1089 4356 niam
1168 4301 1280 4357 scr-51
1296 4297 1357 4365 qual·

56 4361 60 4370 '
153 4467 156 4474 Ι
262 4383 326 4434 soor
342 4381 476 4435 aarum.
528 4385 580 4438 sse
597 4383 706 4438 interea
757 4385 808 4440 aaa
826 4384 923 4440 aissa
975 4389 1027 4442 ase
1043 4387 1093 4443 aa
