2960 5012
440 1616 460 1654 Ι

275 1727 434 1796 EUCLIO
458 1729 608 1795 SENEX.
655 1729 876 1796 STAPHYLA
898 1732 1018 1799 ANUS.

572 1917 715 1984 Euclio

87 2023 162 2104 Exi,
190 2025 341 2110 inquam;
375 2045 435 2109 age
458 2027 524 2107 exi3
558 2026 741 2092 exeundum
771 2026 880 2093 hercle
909 2027 970 2093 tibi
997 2029 1073 2096 hine
1100 2035 1150 2094 eat

799 2133 897 2214 foras,
1170 2153 1207 2205 40

89 2237 396 2327 Circumspeetatrix
420 2263 494 2308 aum
517 2243 622 2310 oeulis
645 2243 833 2310 emissiciia!

543 2393 744 2482 Staphyla

88 2500 170 2568 Nam
192 2524 248 2569 eur
269 2524 321 2570 me
343 2505 496 2571 miseram
519 2503 697 2570 uerberaa?

574 2652 717 2718 Euclio
972 2725 975 2732 ‚

698 2759 743 2826 Ut
765 2759 884 2825 misera
906 2760 961 2840 sia,

90 2867 192 2952 Atque
213 2875 251 2934 ut
272 2874 306 2933 te
329 2867 462 2951 dignam
484 2865 572 2933 mala
594 2866 714 2932 malam
738 2873 879 2934 aetatem
903 2869 1020 2950 exigas.

545 3014 744 3100 Staphyla

91 3123 171 3189 Nam
192 3143 243 3194 me
266 3143 333 3207 qua
355 3143 456 3190 eausa
479 3124 649 3190 extrusisti
672 3145 711 3188 ex
733 3123 894 3190 aedibus?

574 3270 730 3338 Euclio-

90 3377 162 3444 Tibi
183 3401 241 3464 ego
264 3379 427 3445 rationem
449 3378 594 3459 reddam,
617 3378 822 3445 stimulorum
845 3377 958 3460 seges?
1172 3393 1206 3447 45

94 3484 170 3552 illue
190 3486 362 3572 regredere
383 3488 425 3553 ab
449 3488 545 3552 ostio.
589 3486 672 3553 Illuc
695 3489 740 3553 sia
762 3487 848 3567 uide,
923 3513 925 3518 ’

94 3592 136 3658 Ut
155 3597 291 3662 incedit!
336 3596 380 3661 Aa
402 3595 491 3674 acin',
515 3595 679 3677 quomodo
700 3594 762 3660 tibi
784 3617 838 3661 res
862 3616 897 3660 aa
919 3575 1043 3660 habet?

94 3699 126 3766 Si
146 3703 239 3770 hodie
261 3702 373 3770 hercle
395 3701 512 3770 fustem
537 3723 654 3787 cepero
677 3709 736 3768 aut
759 3703 928 3770 stimulum
950 3704 982 3767 in
1005 3721 1146 3782 manum,

92 3795 443 3878 Testudineum'istum
464 3811 527 3876 tibi
549 3833 609 3895 ego
633 3810 791 3894 grandibo
815 3810 961 3894 gradum.

551 3939 752 4026 Staphyla

94 4045 222 4116 Utinam
242 4070 295 4116 me
318 4049 388 4115 diui
411 4049 548 4115 adaxint
570 4049 612 4115 ad
635 4049 844 4134 suspendium
1175 4063 1209 4118 60

93 4154 203 4224 Potius
225 4157 365 4243 quidem,
390 4177 487 4241 quam
509 4157 572 4223 hoc
594 4163 693 4242 pacto
716 4155 805 4242 apud
827 4163 861 4222 ta
884 4155 1040 4222 seruiam!

102 4315 315 4329 -Q—..-

161 4389 194 4443 42
209 4387 277 4444 Nam
294 4406 341 4446 ma
359 4405 409 4445 eur
426 4406 470 4444 me
522 4391 556 4443 46
574 4387 692 4460 regrede
744 4391 779 4444 48
796 4387 890 4444 hercle
908 4403 958 4443 am.
1011 4390 1045 4444 49
1064 4387 1181 4456 gradibo
