2922 5006
86 537 128 606 111,
136 539 267 608 uos-Q
574 535 693 607 Captiui.

84 729 124 794 Ibi
144 749 236 811 quom
260 728 317 794 alii
340 733 476 794 octonos
497 726 626 811 lapides
649 725 825 806 ecfodiunt,
850 731 912 794 uisi

85 836 240 904 Cotidiano
265 837 460 921 sesquiopus
484 835 675 916 confeceris,

83 945 321 1031 Sescentoplago
343 965 462 1016 nomen
485 944 617 1009 indetur
638 944 711 1008 tibi.

465 1049 790 1136 Aristophontes

80 1161 134 1226 Per
154 1161 231 1228 deos
254 1167 355 1245 atque
377 1158 525 1226 homines
549 1181 608 1244 ego
631 1166 664 1225 te
688 1166 845 1245 optestor,
870 1159 982 1244 Hegio,

80 1270 120 1336 Ne
139 1277 174 1336 tu
195 1271 303 1336 istunc
325 1267 490 1334 hominem
512 1267 657 1352 perduis.

564 1375 690 1460 Hegio

702 1481 888 1550 Cursbitur.

77 1593 150 1658 Nam
171 1599 270 1659 noctu
291 1613 394 1658 neruo
416 1592 545 1656 uinctus
569 1591 799 1672 custodibitur,

76 1701 229 1767 interdius
253 1699 315 1766 sub
339 1707 429 1764 terra
450 1699 578 1784 lapides
602 1701 730 1764 eximet.

75 1809 130 1874 Diu
151 1832 209 1894 ego
232 1810 320 1875 huno
342 1807 506 1887 cruciabo,
528 1827 594 1872 non
617 1829 683 1873 uno
706 1809 876 1874 absolnam
901 1809 962 1876 die.
1140 1832 1190 1886 725

465 1915 787 2001 Aristophontes

75 2025 276 2092 Certumnest
298 2025 360 2090 tibi
382 2023 492 2090 istuc?

563 2131 690 2213 Hegio

516 2239 591 2304 Non
614 2240 727 2303 moriri
751 2241 895 2308 certiust.

72 2351 224 2417 Abducite
247 2352 348 2415 istum
372 2353 519 2413 actutum
543 2347 586 2411 ad
610 2347 822 2444 Hippolytum
846 2350 985 2433 fabrum,

73 2457 179 2525 Iubete
201 2459 279 2524 huic
302 2477 431 2523 crassas
455 2455 617 2539 conpedes
640 2457 811 2540 inpingier.

72 2567 146 2633 lnde
168 2575 262 2633 extra
284 2572 414 2650 portam
437 2563 479 2628 ad
502 2583 610 2628 meum
633 2563 786 2630 libertum
812 2565 986 2634 Cordalum

72 2673 106 2738 In
125 2675 319 2760 lapicidinas
341 2672 439 2739 facite
462 2671 623 2736 deductus
647 2674 719 2751 siet,

71 2783 173 2867 Atque
194 2784 281 2849 huno
303 2803 354 2846 me
376 2779 462 2846 uelle
487 2779 585 2845 dicite
607 2781 656 2844 ita
679 2783 831 2862 curarier,

71 2889 193 2976 Nequi
217 2891 363 2956 deterius
385 2889 464 2954 huic
488 2888 540 2968 sit,
564 2909 662 2970 quem
686 2891 763 2974 quoi
786 2901 978 2974 pessumest.

524 2995 736 3080 Tyndarus

71 3103 133 3170 Cur
155 3128 213 3190 ego
238 3113 273 3171 te
295 3105 401 3170 inuito
425 3125 475 3168 me
499 3125 569 3169 esse
593 3105 717 3170 saluom
740 3107 925 3189 postulem?

69 3211 250 3279 Periculum
272 3213 364 3277 uitae
386 3233 478 3277 meae
501 3219 558 3278 tuo
582 3219 649 3279 stat
671 3213 834 3296 periculo;

69 3318 143 3386 Post
165 3329 304 3386 mortem
328 3323 362 3385 in
384 3329 488 3386 morte
512 3321 591 3386 nihil
615 3329 674 3402 est,
700 3321 788 3404 quod
811 3331 963 3404 metuam,
985 3323 1072 3390 mali.
1141 3343 1191 3396 735

68 3428 138 3494 Etsi
160 3431 297 3513 peruiuo
320 3451 423 3513 usque
447 3430 490 3494 ad
513 3451 672 3494 summam
696 3436 848 3510 aetatem,
871 3439 980 3497 tamen

68 3535 171 3604 Breue
194 3539 374 3622 spatiumst
395 3535 592 3621 perferundi,
617 3559 700 3620 quae
723 3541 854 3604 minitas
876 3540 964 3605 mihi.

66 3643 146 3710 Uale
169 3653 268 3730 atque
293 3643 394 3725 salue,
418 3647 490 3724 etsi,
514 3647 610 3710 aliter
632 3653 669 3710 ut
692 3646 807 3727 dicam,
831 3669 946 3712 meres.

67 3751 124 3832 Tu,
148 3751 408 3838 Aristophontes,
432 3753 471 3818 de
495 3775 546 3819 me
568 3761 606 3819 ut
628 3755 788 3835 meruisti,
812 3758 859 3820 ita
881 3756 971 3837 nale3

66 3859 149 3926 Nam
172 3861 252 3927 mihi
275 3867 468 3946 propterte
491 3861 555 3928 hoc
579 3865 706 3946 optigit.

135 4163 329 4217 716-1911111
346 4178 436 4218 uersu.
504 4165 555 4216 719
574 4162 737 4217 Cotidianos
756 4181 853 4231 sesque
872 4181 941 4232 opus
1003 4165 1122 4218 723-24
1139 4180 1193 4219 11110

64 4261 156 4299 uersu.
210 4247 330 4301 tas-27
349 4248 461 4303 duobus.
523 4250 574 4304 725
592 4249 667 4303 hunc
686 4265 738 4317 ego
796 4251 846 4302 727
864 4249 1028 4318 Yppolitum
1073 4251 1193 4303 tas-30

64 4329 172 4385 duobus
189 4333 323 4386 uersibus.
429 4335 548 4388 731-33
566 4338 638 4390 iam.
736 4337 785 4390 731
805 4335 879 4388 hunc
898 4336 938 4389 ue
955 4351 1000 4389 me
1018 4334 1089 4388 uelle
1108 4333 1194 4387 dieite

65 4417 307 4472 731-36111101111
328 4419 456 4472 1111111111.
511 4421 560 4473 736
579 4419 730 4487 superuiuo
812 4421 932 4475 tas-39
951 4435 1004 4476 uno
1023 4436 1112 4474 rcere-u.
