2932 5010
558 515 589 570 V.
609 518 720 570 37-64.
1141 523 1202 583 379

72 711 175 768 iisdem
205 711 303 769 verbis
331 711 481 771 laudetur.
526 711 630 770 Altera
660 731 763 769 versus
794 731 864 787 pars
892 713 970 769 iusto
1001 711 1118 788 longior
1142 721 1198 772 est.

72 811 196 870 Guietus
230 808 298 872 alas
332 813 466 886 delebat,
507 814 592 892 prob.
623 813 791 892 Spengelio,
822 813 919 872 Plaut.
949 833 977 889 p.
1010 816 1080 874 208.
1136 814 1200 891 Ego

73 914 233 972 Bitschelio
255 917 355 992 potius
378 915 482 988 credo,
510 911 597 992 pesti
626 921 800 991 corruptum
830 935 909 987 esse,
944 936 1012 974 nam
1035 923 1070 974 ut
1094 915 1197 992 ,peri“

73 1017 198 1093 legatur,
223 1017 303 1094 quod
325 1019 420 1078 voluit
442 1019 633 1090 Fleckeisen,
651 1017 761 1078 Exere.
788 1017 885 1078 Plaut.
906 1037 935 1094 p.
957 1019 1006 1089 26,
1032 1037 1109 1096 aegre
1132 1037 1199 1094 per·

76 1121 220 1179 suadetur
231 1121 314 1180 mihi.
348 1120 382 1180 B.
400 1119 529 1198 „prope“
546 1122 656 1192 edidit3
680 1119 819 1198 equidem
831 1118 862 1180 ei
875 1121 975 1180 malui.
988 1149 1031 1160 -··
1044 1123 1092 1180 51.
1116 1116 1200 1182 Buc-

73 1218 144 1291 clu's,
168 1217 315 1296 bacciam
340 1223 417 1282 ludit
434 1226 464 1282 in
483 1225 680 1282 similitudine
698 1225 859 1296 nominum,
883 1232 918 1280 ut
935 1243 963 1282 v.
979 1225 1049 1282 868.
1078 1223 1200 1283 Baccha

72 1326 210 1384 mulieres
234 1333 320 1386 erant
342 1326 485 1386 Bacchico
519 1327 621 1385 lurore
656 1331 818 1402 correpte,
854 1345 935 1401 quae,
969 1330 1004 1384 ut
1032 1327 1063 1383 in
1092 1325 1200 1384 fabulis

76 1428 241 1488 Pentheum
265 1429 425 1488 dilaniasse
447 1427 633 1502 ferebantur,
657 1433 700 1486 ita
723 1431 753 1486 in
776 1429 882 1504 orgiis,
911 1447 976 1504 qua
1000 1429 1199 1502 celebrabant,

75 1551 178 1608 capras
212 1537 243 1589 et
267 1530 387 1607 siquid
416 1531 496 1589 aliud
524 1531 667 1604 libuerat,
699 1531 831 1589 lacerare
860 1538 891 1588 et
919 1551 1026 1608 rapere
1054 1531 1200 1606 solebant,

73 1635 106 1692 ci.
130 1633 233 1692 Casin.
264 1636 326 1694 900
357 1653 421 1710 sqq.
450 1633 549 1692 Plauti
583 1639 682 1692 autem
716 1633 902 1710 temporibus
937 1633 1037 1692 Romae
1071 1640 1101 1692 et
1134 1639 1201 1694 tota

72 1735 156 1794 ltalia
185 1755 243 1814 per
271 1738 358 1794 initia
385 1741 416 1793 et
450 1741 600 1796 nocturna
628 1755 712 1794 sacra
738 1738 823 1797 varia
849 1735 1066 1812 perpetrabant
1087 1735 1200 1812 flagitia

72 1859 122 1896 nec
151 1859 169 1896 a
199 1845 307 1914 stupro
335 1857 388 1898 nec
411 1857 428 1896 e
458 1839 536 1897 caede
565 1839 759 1896 abstinentes.
815 1837 886 1909 Qua
915 1857 963 1896 res
991 1857 1081 1915 quum
1110 1839 1199 1896 latius

71 1946 223 2000 manasset
244 1945 275 1998 et
292 1941 386 2000 multa
403 1941 553 2000 bominum
572 1941 655 2000 milia
672 1942 791 1998 initiata
809 1945 918 2011 essent,
941 1940 1062 1998 tandem
1080 1946 1200 1998 senatus

73 2043 228 2102 Romanus
250 2043 298 2100 vel
319 2049 434 2101 terrore
457 2044 504 2102 vel
527 2043 706 2120 indignitate
735 2046 778 2100 rei
801 2042 956 2120 perculsus
979 2063 1056 2102 anuo
1079 2063 1105 2102 a.
1130 2041 1198 2102 Chr.

73 2147 129 2203 186
170 2145 372 2204 Bacchanalia
418 2146 553 2204 tollenda
593 2148 707 2206 censuit
746 2152 775 2203 et
814 2145 916 2204 multis
956 2146 1076 2224 capitali
1113 2165 1200 2222 poena

73 2248 186 2306 affectis
212 2265 274 2306 rem
298 2251 450 2324 repressit.
488 2248 545 2306 Res
569 2268 605 2306 ex
627 2248 714 2308 Livio
739 2246 891 2320 (XXXIX,
916 2250 933 2306 8
957 2244 1036 2324 sqq.)
1050 2251 1132 2306 'nota
1155 2253 1200 2305 est

70 2357 99 2406 et
122 2371 159 2408 ex
183 2370 280 2408 aenea
302 2351 353 2408 illa
374 2351 484 2422 tabula,
513 2371 572 2428 qua
594 2349 646 2410 SC.
670 2353 759 2410 sociis
782 2353 812 2408 iu
835 2367 906 2424 agro
929 2350 1065 2408 Teurano
1088 2368 1199 2426 propo·

70 2455 159 2512 situm
182 2453 244 2512 fuit
269 2451 313 2526 (G.
332 2453 354 2512 Ι.
375 2453 409 2512 L.
427 2453 449 2526 l,
476 2453 559 2526 196).
583 2485 626 2494 -
650 2456 699 2513 52.
737 2448 822 2529 Quid
844 2448 1004 2530 estquod,
1027 2451 1119 2512 Gron.
1143 2473 1198 2512 em.

71 2586 111 2595 -
138 2551 313 2631 malitiam,
348 2557 418 2615 mali
448 2555 560 2632 aliquid
589 2563 641 2614 aut
667 2563 771 2633 turpe3
811 2555 972 2614 Lambinus
1004 2553 1196 2628 „malaciam“

72 2659 252 2732 corrigebat,
271 2677 376 2734 parurn
394 2665 474 2736 apte.
486 2687 529 2698 -·
543 2661 591 2717 53.
615 2653 769 2730 iniectum,
794 2657 938 2716 illiciendi
960 2660 1119 2730 rationem,
1142 2677 1200 2716 vox

71 2781 87 2816 a
109 2760 221 2818 Plauto
244 2757 322 2832 ficta,
345 2763 432 2819 utin
456 2761 652 2820 similitudine
675 2762 746 2819 lecti
769 2760 896 2818 luderet.
919 2789 961 2798 -
984 2756 1069 2820 mala
1092 2755 1199 2833 bestia,

71 2864 105 2920 oi.
130 2862 230 2922 Catul.
256 2864 310 2936 69,
335 2866 364 2920 7.
414 2863 589 2940 Serpentem
612 2864 736 2921 Plautus
759 2863 842 2922 Asin.
868 2865 928 2922 688
957 2869 1200 2939 ,proserpentem

71 2962 418 3042 bestiam“·appellavit.
444 2995 481 3005 -
508 2967 557 3024 54.
592 2961 663 3024 buit
685 2961 781 3024 aetati
820 2965 1030 3023 adulescentioe
1053 2985 1134 3023 meae.
1157 2993 1200 3004 -·

74 3063 251 3128 zacchaeus
273 3063 373 3141 loccis,
396 3069 500 3141 lustra,
525 3068 560 3128 cf.
585 3070 657 3126 427.
682 3097 718 3108 -
753 3071 802 3126 55.
832 3063 987 3144 quidquid
1008 3065 1108 3126 Gertz.
1133 3086 1198 3138 em,

72 3170 187 3230 Camer.
216 3171 262 3244 „si
286 3168 376 3247 quid“
401 3173 576 3248 scripserat3
610 3169 654 3229 Fi.
682 3191 737 3241 „ue
767 3170 840 3245 quid
869 3169 960 3227 stulte
987 3169 1086 3226 facere
1114 3187 1199 3228 occu·

71 3269 166 3349 pias“.
213 3273 249 3332 In
268 3273 354 3332 codd.
373 3275 527 3352 proximus
547 3273 663 3331 deinum
687 3292 788 3332 versus
810 3271 952 3332 Bacchidi
973 3271 1127 3343 tribuitur,
1151 3271 1199 3330 hic

71 3375 256 3448 Pistoclero;
279 3375 447 3434 emendavit
465 3377 524 3434 ium
543 3375 716 3434 saracenus.
737 3403 774 3416 —
797 3375 920 3434 69-61
945 3373 1096 3432 Bduabus
1114 3374 1200 3432 lineis

71 3480 201 3556 scriptos
223 3461 322 3536 habet.
367 3472 433 3552 ille,
464 3479 559 3536 miles.
604 3479 676 3540 Mox
706 3473 845 3542 medesse
869 3476 891 3536 Ο
913 3476 949 3537 D.
972 3505 1016 3518 -
1039 3478 1088 3536 62.
1123 3476 1199 3536 Con·

70 3584 181 3639 victum
211 3583 378 3638 meretricis
407 3581 540 3639 aculeum
570 3581 680 3640 habere
710 3581 796 3652 dicit,
832 3599 958 3658 sumque
986 3601 1052 3640 cum
1080 3581 1200 3640 stimulo

70 3689 241 3760 comparat,
266 3703 325 3759 quo
349 3684 505 3742 fodiuntur
529 3683 626 3756 boves,
655 3691 691 3742 ut
712 3683 915 3760 impellantur.
933 3695 976 3724 ¹-
992 3677 1199 3758 (testimoium,

71 3785 125 3846 hoc
140 3805 204 3844 uno
222 3785 288 3844 loco
308 3791 405 3858 extut3
430 3786 548 3844 videtur
566 3785 733 3860 significare
754 3785 891 3858 ,stimulo
915 3785 1092 3864 dissipare“.
1127 3787 1201 3845 Post

70 3887 147 3946 hunc
170 3907 299 3960 versum,
323 3889 451 3948 fortasse
474 3890 583 3948 omissa
605 3889 749 3958 columna,
774 3907 875 3946 errore
892 3890 1020 3966 scriptus
1039 3895 1085 3948 eet
1102 3910 1129 3948 v.
1149 3892 1198 3960 71,

71 4009 139 4048 mox
155 4009 212 4050 suo
235 3990 299 4048 loco
321 3991 448 4050 rediens.
489 3990 630 4050 Errorsm
654 3991 756 4050 codice
774 3991 799 4049 B
817 3993 1014 4069 antiquiorem
1032 4011 1105 4060 esse,
1130 3991 1200 4050 inde

71 4097 212 4170 apparet,
242 4093 323 4168 quod
352 4096 437 4171 prior
460 4093 548 4152 buius
570 4111 673 4151 versus
695 4113 765 4170 pars
788 4113 854 4152 oum
876 4113 904 4152 v.
930 4095 969 4153 62
998 4095 1199 4168 coniungitur.

71 4223 113 4234 -
136 4197 188 4254 63.
226 4190 311 4271 Quid
340 4191 379 4255 ab
406 4191 463 4256 hae
489 4190 631 4255 meluis?
674 4196 806 4254 Alterius
835 4195 991 4255 Bacchidis
1019 4197 1082 4255 haec
1110 4196 1202 4254 verba

71 4303 141 4356 eunt
157 4299 253 4356 sorori
270 4297 484 4358 subvenientis.
518 4297 564 4356 Ex
582 4297 809 4374 personae'nota
821 4297 872 4371 (Ε)
892 4309 990 4358 ortum
1009 4305 1055 4358 est
1071 4293 1117 4357 Et
1134 4297 1200 4356 cod.

71 4397 103 4458 B.
129 4427 168 4440 -
199 4395 382 4460 adulescens
404 4397 509 4474 bomo,
545 4409 660 4478 transp.
685 4401 771 4460 Both.
801 4431 844 4441 -
873 4403 924 4460 64.
961 4395 1123 4461 Proelium
1153 4416 1202 4460 rue
