2956 5010
573 531 607 630 7,
625 535 770 590 teo-rto
847 501 850 506 ¹
1172 541 1232 601 535

112 747 208 808 quom,
232 753 259 790 v.
282 731 320 790 66
337 731 444 808 Amph.
465 731 535 790 636.
554 759 596 772 ·-
615 729 686 790 695.
710 729 921 790 Valetudinem
939 731 981 788 616
998 749 1116 790 censum
1132 729 1233 807 fuisse,

111 855 160 893 cur
179 835 329 894 industris
346 839 377 893 et
395 832 548 910 quaerendi
564 831 695 892 studium
713 835 811 892 minus
829 833 921 892 luerit
940 851 1028 910 quom
1044 853 1101 911 pro
1119 834 1234 892 lenone.

109 966 149 978 -
172 951 293 1015 quoquo
309 935 431 1014 posset.
476 934 611 994 Merolin.
635 935 752 995 confert
774 936 856 994 Asin.
886 937 961 993 194:
999 935 1153 1008 ,11166116
1179 937 1237 995 ibit

108 1036 223 1098 temsn“
260 1058 325 1117 sqq.
361 1059 452 1116 supra
486 1039 542 1120 4¹6:
591 1037 684 1113 „Earn
717 1038 782 1097 uolt
815 1039 1002 1097 meretricem
1036 1035 1163 1098 iecere“.
1193 1069 1235 1080 -

112 1138 258 1214 mitteret,
292 1141 436 1214 misisset,
472 1141 508 1200 cf.
531 1139 633 1200 Madv.
658 1139 709 1199 Gr.
733 1140 800 1200 Lat.
827 1143 886 1200 347
910 1140 929 1199 b
956 1145 1019 1200 not.
1045 1143 1073 1200 2.
1096 1171 1139 1182 -
1163 1145 1234 1202 697.

110 1243 231 1322 69611.
257 1243 343 1317 udd.;
376 1243 496 1302 Mulier.
523 1239 628 1315 „hnc“.
674 1242 769 1321 Gepp.
798 1245 844 1316 „si
869 1245 949 1320 potis
972 1241 1067 1304 snm“.
1090 1273 1133 1286 —
1162 1246 1234 1304 696.

110 1343 211 1406 istunc
233 1352 305 1407 cett.
328 1345 414 1406 codd.
459 1345 542 1432 Leno
565 1343 765 1420 significetur,
795 1365 884 1422 quern
912 1345 1054 1405 trehebet
1075 1347 1170 1407 miles.
1194 1375 1236 1386 -

110 1453 179 1510 700.
209 1446 331 1510 iudices
354 1455 422 1508 cett.
447 1447 533 1508 codd.
556 1477 599 1486 -
629 1449 700 1507 701.
733 1443 876 1524 Quodne,
907 1449 943 1508 cf.
967 1447 1006 1508 ed
1028 1449 1136 1526 Amph.
1162 1451 1234 1510 690.

107 1537 313 1628 Significatur:
352 1551 447 1624 „Num
474 1571 511 1609 ne
539 1549 570 1607 id
598 1550 732 1626 quidem,
770 1551 851 1628 quod
872 1549 1078 1629 promisisti?“
1126 1552 1236 1610 Versus

108 1675 197 1714 66666
219 1653 315 1733 Gepp.
342 1651 481 1728 „Quod“;
505 1653 611 1712 melius
634 1651 748 1712 Camer.
765 1649 922 1728 promisti,
945 1659 980 1712 nt
1003 1656 1074 1714 705.
1100 1683 1137 1694 -
1165 1651 1234 1731 Qui,

107 1761 127 1817 i.
152 1777 179 1818 6.
204 1756 367 1836 quomodo,
385 1751 544 1832 promisi?
576 1754 622 1814 Fl.
645 1761 778 1833 transp:
816 1754 1001 1828 „Promissii
1030 1751 1123 1832 qui?“
1153 1756 1236 1834 quod

107 1863 225 1920 incuria
248 1860 424 1918 correctoris
446 1863 477 1918 16
500 1863 602 1917 nostro
624 1877 741 1935 quoque
763 1861 848 1917 textu
870 1859 1007 1918 relictum
1030 1863 1084 1917 est.
1101 1888 1145 1900 —
1164 1861 1235 1918 709.

107 1964 145 2023 ci.
174 1963 252 2022 Rud.
284 1963 381 2020 1374:
418 1961 644 2034 „iusiurandum
678 1962 722 2018 rei
755 1961 935 2032 seruandae,
969 1981 1028 2020 non
1061 1960 1236 2038 perdundae

108 2065 264 2124 conditum
286 2059 362 2123 est“.
376 2093 412 2105 -
432 2059 486 2122 hec
509 2067 540 2123 in
563 2063 587 2121 Β
610 2065 765 2136 omissum,
790 2064 841 2122 sed
864 2064 965 2122 666666
988 2083 1078 2123 menn
1101 2063 1237 2122 additum

107 2175 163 2227 est.
190 2196 228 2208 -
254 2169 325 2226 703.
351 2161 443 2226 Nihil
465 2163 547 2242 apin
572 2185 637 2224 cum
660 2186 696 2224 eo
719 2167 767 2243 egi
790 2185 850 2224 non
872 2171 982 2244 potest.
1000 2195 1043 2206 -
1066 2167 1138 2226 705.
1163 2160 1236 2224 libc-

106 2265 187 2345 rali,
217 2291 246 2329 v.
270 2271 341 2328 489.
365 2299 408 2309 -
435 2272 507 2329 707.
545 2262 651 2344 Quid?
680 2264 800 2345 nepas?
840 2268 897 2341 Qui
925 2287 1121 2346 personarum
1149 2273 1236 2327 notes

107 2373 243 2445 eddidit,
273 2371 349 2430 mele
381 2372 429 2430 hic
458 2377 488 2430 et
517 2373 548 2428 in
576 2371 721 2449 proximis
749 2370 865 2430 duobus
894 2371 1028 2430 versibus
1051 2370 1237 2431 Curculioniis

107 2497 218 2536 nomen
248 2475 364 2552 posuit3
399 2474 502 2531 militis
530 2473 593 2532 666
622 2493 685 2532 6666
715 2475 830 2551 antiqui
859 2473 925 2532 edd.
948 2473 1171 2533 intellexerunt.
1194 2501 1237 2512 -

110 2575 179 2656 Quo
197 2575 386 2652 praesente?
409 2596 449 2635 sc.
470 2575 525 2634 hoc
546 2575 629 2634 dixi?
644 2605 681 2616 -
696 2578 767 2636 708.
793 2571 869 2636 Non
892 2575 995 2636 taces?
1018 2597 1045 2636 v.
1067 2577 1106 2636 sd
1127 2576 1237 2654 Amph.

106 2685 181 2742 693.
228 2679 288 2738 Sed
320 2679 396 2737 mele
423 2679 486 2737 666
514 2681 545 2738 16
573 2679 658 2738 codd.
682 2680 782 2737 lenoni
809 2680 999 2754 tribuuntur,
1033 2679 1114 2755 qnod
1147 2699 1238 2756 quum

105 2786 277 2844 tenuissent
304 2781 389 2855 edd,
423 2783 559 2858 proxime
592 2783 634 2841 616
661 2783 741 2841 inter
767 2802 909 2860 personas
938 2783 1117 2842 diviserunt:
1155 2781 1236 2855 „TE

105 2888 175 2946 Non
198 2891 295 2944 taceo.
341 2885 400 2946 CA.
423 2885 491 2943 Non
514 2881 613 2943 etc.“?
654 2885 746 2943 Immo
770 2887 866 2944 cretio
890 2891 935 2942 est
957 2887 1114 2944 continue:
1153 2884 1238 2956 „Non

104 2997 212 3060 tecso;
246 3007 307 3046 non
334 2983 409 3046 eto.“
464 2987 552 3044 Miles
585 2988 719 3044 lenonem
747 2993 846 3044 tacere
881 2987 964 3045 iubet
996 3006 1050 3045 666
1079 3005 1142 3044 rem
1173 3006 1238 3045 cer-

104 3094 254 3152 tissimam
285 3096 316 3149 66
342 3089 470 3148 66661666
499 3087 701 3148 confirmatam
730 3109 854 3166 negsr03
901 3089 967 3147 leno
1007 3109 1038 3147 se
1075 3081 1237 3148 taciturum

104 3215 173 3254 esse
209 3198 308 3268 neget.
343 3221 385 3233 -
419 3195 490 3252 712.
525 3187 624 3264 illius,
659 3197 695 3250 ut
722 3213 748 3249 v.
774 3193 834 3250 413
871 3193 997 3269 aliisque
1031 3193 1133 3250 multis
1166 3192 1239 3250 locis

106 3303 164 3357 666
188 3295 312 3372 spondei
340 3301 393 3355 666
419 3295 531 3371 dactyli
560 3313 728 3352 mensuram
756 3293 869 3352 habere
897 3294 1032 3366 videtur,
1067 3315 1095 3352 v.
1119 3293 1236 3369 Luchs,

103 3397 363 3476 Genetivbildung
395 3397 448 3456 der
476 3398 527 3456 lat.
557 3397 736 3456 Pronomina
763 3417 793 3474 p.
819 3398 858 3455 49
889 3417 954 3474 sqq.
977 3427 1020 3438 ·-
1051 3399 1122 3455 714.
1152 3396 1238 3454 11666

103 3518 230 3560 versum
258 3499 410 3560 Acidulius
443 3503 544 3560 versui
575 3501 635 3559 716
664 3485 853 3577 postposuit,
888 3519 978 3576 quum
1009 3501 1069 3558 716
1104 3500 1141 3558 eb
1176 3501 1236 3558 713

105 3601 216 3662 divelli
244 3621 304 3661 non
330 3609 494 3679 peteretur.
550 3602 608 3663 Sed
640 3603 726 3660 minae
761 3602 865 3661 militis
900 3602 1011 3661 iudicio
1041 3601 1150 3662 edditoe
1179 3621 1239 3662 non

104 3702 292 3782 impediunt,
323 3724 382 3780 qno
411 3707 508 3766 minus
537 3706 605 3764 leno
633 3704 775 3764 indicium
806 3703 954 3782 perfidum
978 3725 1042 3764 esse
1065 3705 1161 3778 61666,
1186 3725 1240 3763 666

103 3803 240 3868 66166111
268 3824 406 3865 versuum
435 3808 585 3867 ordinatio
612 3807 685 3866 ferri
715 3812 832 3885 potest,
867 3808 938 3880 nisi,
974 3808 1055 3886 quod
1084 3813 1114 3868 66
1141 3808 1239 3886 ipsum

101 3908 221 3980 voluit,
255 3927 283 3966 v.
308 3909 368 3966 717
401 3907 512 3982 ,Τ66ι“
543 3931 598 3987 pro
630 3906 712 3984 „Tn“
745 3911 903 3984 scribitur,
935 3929 1029 3988 esque
1057 3910 1159 3970 lenoni
1186 3911 1238 3968 tri-

102 4015 256 4073 buuntur.
269 4037 312 4050 -
330 4011 401 4070 717.
424 4011 498 4071 Post
521 4011 549 4071 ie
570 4013 680 4071 hiatur.
721 4013 848 4072 Pereus:
877 4013 959 4086 „Quo
977 4033 1086 4090 sequor
1103 4031 1158 4087 ego
1176 4007 1238 4084 te“,

103 4114 241 4186 incuria,
271 4131 339 4170 nem
364 4107 457 4188 „ego“
482 4115 513 4172 in
535 4115 621 4174 codd.
646 4121 782 4175 nonest.
807 4146 849 4158 -·-
881 4117 952 4174 716.
983 4113 1019 4174 cf.
1043 4116 1082 4174 66
1106 4116 1177 4174 680.
1196 4143 1240 4154 ·-

105 4214 184 4275 719.
208 4212 242 4274 in
263 4229 392 4274 neruum
414 4216 485 4274 olim
509 4217 708 4276 emendatum.
720 4246 763 4256 -
776 4221 847 4278 720.
871 4233 911 4277 ne
930 4218 962 4277 iu
980 4215 1106 4278 nescias
1123 4219 1238 4294 scripsi,

104 4316 212 4377 deleto
228 4314 322 4392 ,rne“,
345 4317 424 4395 quod
436 4338 538 4376 versus
556 4338 613 4376 non
631 4321 762 4396 petitur3
786 4321 871 4381 Both.
885 4321 931 4380 Fl.
948 4341 1002 4394 „ne
1022 4341 1068 4379 me
1088 4317 1240 4394 nesciss“;

106 4416 203 4494 Seyfl.
227 4419 312 4479 Stud.
335 4441 364 4498 p.
389 4423 424 4479 4:
463 4439 517 4518 ,ne
540 4427 573 4479 tu
597 4441 643 4480 me
666 4419 834 4482 heusoies“.
858 4453 899 4462 -
929 4423 1001 4482 723.
1036 4423 1240 4506 Hiatushpost
