2928 5010
757 467 851 522 aranu
1076 466 1126 535 111,
1137 469 1162 532 c,
1172 467 1305 536 er-lv‚
1316 471 1360 534 ir

665 656 943 725 Mnesilochus

461 769 542 833 Rem
563 769 694 852 repperi
717 787 845 832 emnem
869 789 908 832 ex
930 771 988 832 tuo
1012 766 1184 850 magistr0;
1206 786 1248 830 ne
1271 786 1359 850 nega.

240 875 419 942 Perdidisti
441 897 503 956 me,

676 982 933 1048 Pistoclerus

497 1092 648 1158 Etiamne
670 1092 757 1156 ultro
780 1092 847 1156 tuis
871 1112 921 1156 me
944 1090 1107 1174 prolectas
1131 1088 1286 1173 probris?
1314 1107 1361 1160 565

661 1199 942 1266 Mnesilochus

240 1308 324 1387 Quia
348 1329 440 1374 amas
464 1307 672 1374 Bacchidem.

312 1421 316 1430 ‘
670 1415 930 1482 Pistoclerus

657 1525 745 1589 Duae
768 1545 844 1606 ergo
867 1523 920 1588 hic
943 1523 1031 1587 intua
1055 1543 1148 1588 eccas
1172 1521 1360 1588 Bacchides.
1456 1597 1457 1615 χ

660 1605 942 1696 Mnesilochus

240 1741 336 1820 Quid,
360 1740 464 1805 duas?

669 1847 931 1913 Pistoclerus

434 1957 541 2040 Atque
564 1957 677 2022 ambas
700 1977 839 2022 serorea

665 2063 943 2130 Mnesilochus

831 2171 989 2252 Loqueris
1010 2191 1096 2235 nunc
1118 2191 1223 2253 nugas
1247 2171 1357 2236 sciens.

676 2279 933 2345 Pistoclerus

239 2385 419 2466 Postremo,
442 2389 470 2451 si
493 2389 601 2471 pergis
627 2408 763 2472 parucrn
786 2387 866 2451 mihi
888 2387 985 2451 fidem
1008 2387 1208 2465 arbitrarier,

239 2492 365 2558 Tellam
388 2515 447 2577 ego
470 2495 526 2560 ted
548 2496 579 2559 in
604 2495 724 2561 collum
748 2503 847 2579 atque
870 2497 955 2561 intre
980 2495 1055 2560 hinc
1077 2495 1233 2560 auferam.
1305 2480 1307 2482 ¹

660 2601 943 2668 Mnesilochus

1034 2711 1136 2776 Immc
1160 2711 1232 2791 ibc;
1258 2728 1356 2776 mare.

675 2818 932 2884 Pistoclerus

238 2923 313 2988 Non
336 2946 462 3003 maneo,
487 2946 591 3007 neque
615 2933 649 2990 tu
674 2949 725 2994 me
749 2927 886 2992 habebis
909 2926 992 2992 falso
1010 2935 1208 3010 suspectum.
1449 2862 1457 3028 Ι

660 3034 940 3101 Mnesilochus

1151 3144 1286 3228 Sequor.
1313 3159 1360 3213 5⁷0

681 3431 925 3499 PARASITL'S.

240 3576 409 3642 Parasitus
432 3599 492 3660 ego
517 3601 589 3644 aum
611 3578 753 3643 hominis
776 3597 916 3656 nequam
941 3583 1039 3658 atque
1063 3576 1202 3660 inprobi,

240 3684 367 3764 Militis,
392 3687 448 3769 qui
471 3687 611 3752 amicam
635 3706 744 3751 secum
768 3686 880 3748 auexit
903 3705 943 3748 ex
966 3685 1072 3749 Samo.

239 3791 337 3857 Nunc
360 3814 411 3858 me
433 3777 481 3859 ire
504 3795 602 3858 iussit
624 3793 666 3858 ad
691 3814 762 3856 eam
787 3801 820 3856 et
843 3793 1073 3875 percontarier,

240 3900 358 3966 Utrum
380 3923 497 3967 aurum
520 3901 637 3966 reddat
660 3922 743 3965 aune
768 3909 821 3964 eat
844 3921 953 3964 secum
978 3899 1084 3964 simul.

310 4179 360 4232 565
378 4178 519 4248 proiectae
537 4177 564 4230 B
607 4177 657 4230 566
676 4175 737 4230 ΜΝ.
756 4175 829 4244 Quid
847 4178 944 4230 amar?
964 4177 1009 4230 ΡΙ.
1029 4176 1184 4231 bachidem.
1205 4176 1274 4230 dues
1317 4175 1362 4228 567

241 4263 313 4318 duae
382 4263 433 4317 568
451 4279 552 4332 purum
623 4262 731 4316 Titrdue
752 4277 839 4317 ccecoe
862 4261 1072 4318 PARASITUS.
1098 4261 1206 4317 PUER.
1231 4258 1362 4316 Anoua-

242 4347 362 4403 SGENS.
380 4350 415 4416 B,
436 4347 524 4402 Gom.
595 4349 644 4402 573
663 4348 718 4401 mei
735 4347 797 4402 τοῦ
866 4351 921 4401 574
935 4347 1024 4402 semul
1455 4364 1458 4375 ·
