2960 5012
613 501 754 558 Proefatio.
1195 512 1250 570 VII

121 701 260 758 metricas
289 699 422 756 rationes
451 702 481 756 et
508 697 546 756 ad
573 717 644 756 vera
671 697 849 758 invenienda
877 703 907 756 ot
936 697 974 757 ad
1002 699 1077 758 falsa
1105 699 1251 758 evitanda

122 808 244 864 maximi
272 807 414 864 momenti
437 825 500 864 esse
522 806 670 864 neminem
694 805 786 882 lugit3
820 825 921 866 vorum
944 825 1033 884 quum
1057 826 1091 864 ea
1114 826 1147 864 rc
1170 825 1248 883 sape

121 915 230 980 certior
257 915 290 972 in
317 917 406 990 poeta
433 932 520 989 qaam
549 915 580 971 in
609 933 704 992 prosse
733 914 877 973 orationis
900 914 1050 992 scriptore
1073 914 1248 974 emendandi

121 1027 173 1081 via
193 1021 341 1094 videatur,
368 1025 466 1080 tamen
488 1020 536 1080 hic
559 1040 676 1098 quoque
698 1019 763 1080 fieri
784 1025 894 1099 potest,
919 1025 954 1080 ut
976 1022 1007 1080 in
1031 1024 1099 1081 avia
1121 1041 1173 1080 nos
1198 1020 1248 1080 de·

123 1131 213 1190 ducat
235 1129 446 1188 concinnitatis
469 1129 582 1206 species
605 1135 636 1188 et
658 1131 826 1188 venustatis
848 1149 940 1190 amor.
983 1129 1033 1189 Mc
1050 1130 1168 1206 quidem
1188 1149 1248 1188 non

121 1241 220 1298 minus
244 1257 333 1314 quam
364 1241 479 1295 ceteros
502 1236 635 1296 Plautini
662 1237 778 1296 numeri
807 1236 972 1311 delectant,
1007 1257 1061 1296 nec
1092 1238 1247 1316 quisquam

121 1345 276 1404 ardentius
299 1364 387 1420 quam
410 1362 464 1418 ego
488 1348 581 1421 optat,
605 1348 639 1402 ut
661 1364 764 1404 versus
787 1364 904 1422 quoque
921 1344 1021 1406 Plauti
1042 1363 1142 1405 ornnes
1161 1346 1247 1404 resti·

119 1459 260 1527 tuantur;
294 1451 347 1512 sed
374 1452 533 1530 cupiditati
561 1453 788 1530 temperandum
817 1458 897 1526 erat,
926 1472 994 1525 noc,
1027 1455 1051 1511 si
1074 1453 1130 1514 huo
1157 1455 1188 1512 in
1216 1473 1248 1512 rc

119 1569 226 1621 nostra
248 1560 341 1620 editio
363 1560 574 1620 Ritsoheliauis
602 1560 726 1620 inferior
747 1561 881 1634 videtur,
916 1562 1090 1638 ignorantiae
1123 1567 1174 1620 aut
1202 1581 1247 1620 so·

119 1669 233 1730 cordiae
264 1668 319 1727 hoo
348 1668 540 1728 tribuendum
574 1673 631 1742 est,
666 1669 719 1728 sod
751 1669 887 1728 veritatis
921 1671 1023 1728 amori.
1084 1669 1248 1748 Seguitiam

121 1798 218 1837 meam
241 1781 391 1850 accusant,
415 1778 467 1852 qui
489 1777 607 1851 regredi
631 1795 718 1853 quam
741 1776 883 1854 progredi
906 1777 1070 1836 maluerim.
1122 1777 1200 1850 Quid
1223 1779 1248 1836 si

119 1887 181 1960 illi,
217 1887 269 1963 qui
291 1904 323 1944 se
345 1885 487 1964 progredi
509 1889 634 1962 putant,
669 1885 699 1944 iu
722 1888 791 1944 avis
814 1883 1028 1944 deverterunt?
1062 1905 1160 1944 nonne
1183 1887 1247 1944 iure

119 1995 284 2054 subsistere
306 2011 357 2052 eos
379 1991 512 2051 iubemus
536 1997 566 2050 et
588 1993 696 2066 gradus
719 1992 880 2053 revocare?
921 1992 1077 2068 Ingratum
1100 2013 1170 2054 sane
1192 1993 1247 2052 hoc

120 2123 197 2180 opus
221 2107 275 2174 cst,
300 2101 453 2178 multoque
477 2107 507 2159 et
529 2102 644 2175 gratius
668 2107 697 2160 et
719 2101 835 2160 facilius
863 2101 941 2160 loret
962 2103 1041 2162 viam
1065 2121 1083 2160 a
1104 2103 1246 2178 magistro

120 2215 266 2270 munitam
290 2209 374 2284 sequi
396 2213 425 2266 et
446 2197 551 2267 lco'tics.
573 2211 685 2282 gestari
714 2229 801 2286 quum
825 2229 879 2286 per
901 2209 1014 2268 inculta
1035 2214 1141 2288 tesqua
1163 2211 1247 2286 pedi-

118 2321 176 2378 bus
203 2317 357 2390 incedere,
392 2336 446 2376 nec
474 2337 527 2393 ego
556 2337 615 2394 uop
645 2337 777 2394 possem,
811 2319 836 2376 si
866 2318 988 2390 vellem,
1022 2317 1160 2377 Plautum
1184 2321 1247 2377 siue

118 2427 267 2500 hiatibus,
297 2427 360 2484 sinc
382 2425 444 2483 ullo
467 2445 656 2484 numerorum
679 2427 768 2500 vitio,
798 2427 862 2486 sine
884 2426 948 2486 ulla
970 2427 1115 2485 sermonis
1138 2426 1247 2485 disme-

117 2536 223 2613 pautia
246 2533 349 2605 edere,
376 2533 427 2592 sed
451 2533 533 2591 aliud
557 2539 601 2592 est
622 2533 745 2592 ludendi
767 2539 894 2611 tempus,
919 2534 1002 2594 aliud
1025 2535 1103 2594 seria
1126 2535 1246 2612 agendi,

116 2651 148 2702 et
170 2643 222 2702 ubi
245 2641 382 2702 Plautum
405 2661 464 2700 non
488 2641 681 2700 histrionibus
709 2641 740 2699 in
770 2661 857 2700 scena
885 2643 1056 2720 agentibus,
1090 2643 1144 2702 sed
1174 2644 1247 2702 viris

116 2753 262 2811 domninae
285 2748 427 2808 studiosis
451 2749 636 2808 exhibiturus
659 2769 740 2824 sum,
777 2750 856 2809 malo
879 2751 1009 2810 lacerum
1032 2751 1172 2810 exhibere
1192 2771 1247 2809 nec

116 2867 284 2937 temporum
325 2857 440 2916 iniuriae
481 2863 631 2936 expertem
673 2877 761 2934 qnam
801 2858 931 2934 eleganti
972 2859 1114 2920 novitatis
1148 2861 1246 2938 specie

118 2967 291 3028 obductum.

205 3076 353 3134 Lavitatie
376 3075 465 3134 etiam
488 3095 534 3132 me
556 3074 738 3134 insimulant.
783 3074 819 3132 In
840 3076 948 3135 statuis
970 3076 1097 3154 aliisque
1116 3077 1246 3154 antiquae

116 3186 194 3242 artis
224 3181 366 3260 operibus
395 3201 496 3241 eorum
525 3189 680 3242 accusatur
708 3184 831 3256 levitae,
866 3185 917 3260 qui
946 3185 1145 3243 recentiorum
1174 3187 1245 3242 arti·

115 3292 206 3350 ficum
229 3289 434 3350 additamenta
456 3291 492 3348 ab
516 3293 648 3369 antiquis
670 3312 730 3351 non
754 3293 942 3366 distinguunt
963 3292 1123 3368 limamque
1147 3293 1246 3350 omnia

115 3401 297 3477 lavigantcm
320 3399 469 3473 patienter
491 3400 605 3472 ferunt,
635 3405 665 3458 ct
686 3419 869 3460 marmoreus
892 3401 964 3458 artis
987 3399 1132 3478 reliquias
1156 3400 1245 3461 hodie

117 3528 221 3568 omnes
252 3507 381 3566 clamant
408 3526 439 3566 se
467 3508 556 3566 malle
584 3509 717 3582 mutilae,
753 3508 842 3568 modo
865 3510 1027 3586 genuinas,
1061 3529 1150 3586 quam
1175 3511 1244 3568 arti·

115 3615 217 3678 ficiose
247 3617 420 3688 restitutas;
454 3619 485 3674 in
515 3616 623 3676 Plauto
654 3617 784 3676 editores
817 3617 874 3676 sibi
908 3611 1017 3695 puto'nt
1049 3618 1140 3676 licere
1174 3619 1246 3676 lima

116 3727 219 3784 omnia
252 3723 400 3800 levigare,
440 3730 473 3782 ut
506 3744 559 3782 nec
600 3727 692 3783 caries
727 3744 781 3784 uec
814 3729 889 3786 situs
923 3745 1048 3804 usquam
1087 3733 1243 3804 appareat.

116 3835 237 3906 Quanto
268 3835 371 3892 sanior
398 3837 428 3889 et
458 3833 619 3891 modestior
648 3838 693 3892 est
720 3833 974 3909 archseologorum
1002 3854 1049 3892 ars
1079 3854 1175 3912 nuper
1198 3855 1246 3892 re·

114 3947 205 4019 perta
233 3959 323 4017 quam
350 3940 570 4017 philologorum
598 3960 652 4018 per
680 3942 775 4001 multa
797 3943 906 4002 oracula
929 3943 1106 4002 exercitata!
1151 3941 1245 4001 Immo

114 4050 276 4109 sententia
301 4049 511 4121 emendentur,
545 4049 570 4108 si
593 4049 657 4108 ficri
679 4055 795 4127 potest,
831 4054 970 4127 quoniam
993 4050 1049 4109 hoc
1078 4069 1137 4108 non
1164 4049 1244 4108 facto

114 4157 194 4218 nihil
217 4157 340 4216 omnino
363 4157 557 4234 intelligitur3
582 4159 724 4216 orationis
748 4159 831 4232 vitia,
854 4159 906 4218 ubi
929 4164 1027 4219 certus
1051 4163 1081 4218 ot
1104 4162 1243 4216 constans

115 4270 272 4337 nauseet,
297 4271 520 4339 removeantur3
543 4266 757 4342 pronuntiandi
780 4268 925 4327 rationem
943 4266 1075 4325 modeste
1095 4267 1244 4326 fateamur
