2932 5010
564 527 589 582 v
615 528 759 581 rer-ree
1159 539 1219 600 559

94 727 167 786 uolo
190 745 329 784 noscere:
360 722 450 784 filiam
479 743 516 781 ex
543 729 574 780 te
602 727 634 780 tu
663 715 794 780 babes?“
836 721 944 780 Verum
967 723 1132 798 Lyconides
1160 747 1219 786 non

95 829 128 886 id
159 829 338 904 interrogat,
372 825 452 902 quod
483 826 595 902 optime
624 826 717 883 novit.
769 823 859 880 Recte
888 827 1055 902 superiores
1089 829 1218 888 editores

94 933 200 1008 priora
222 929 360 989 Euclioni
382 927 566 986 tribuerunt:
604 926 707 1000 „Nunc
730 926 887 1002 quiduis,
921 927 951 984 id
974 929 1041 986 uolo
1065 930 1216 988 noscere“.

93 1033 171 1091 Tum
202 1030 383 1108 Lyconides:
427 1029 552 1102 „Filiam
582 1049 619 1087 ex
646 1034 676 1086 te
705 1035 739 1086 tu
771 1025 892 1088 habes“.
948 1029 1004 1090 Hic
1037 1034 1061 1090 si
1096 1053 1218 1109 respon·

95 1135 193 1193 disset
214 1134 335 1192 Euclio:
369 1127 484 1202 Imm,
513 1137 636 1206 negaret
662 1151 694 1189 se
722 1129 813 1189 filiam
842 1151 878 1190 ex
906 1150 938 1190 se
968 1137 1067 1192 natam
1095 1134 1217 1208 babere;

94 1259 164 1296 uam
201 1236 280 1314 quod
314 1235 424 1306 dicunt,
459 1233 624 1292 affirmandi
656 1235 716 1292 vim
749 1233 836 1292 buius
865 1233 1001 1292 vocabuli
1034 1256 1096 1295 esse
1129 1257 1218 1314 posse

95 1341 312 1416 Holtziumquo
330 1337 452 1413 Syntax.
469 1337 507 1408 Il,
530 1355 560 1412 p.
574 1337 633 1395 307
658 1335 687 1394 id
710 1335 860 1412 probasse,
884 1337 934 1394 ille
957 1337 1077 1414 quidem
1100 1342 1219 1416 negavit

92 1448 126 1502 et
150 1443 288 1519 exempla
309 1440 346 1500 ab
368 1459 403 1498 eo
432 1439 524 1498 allata
552 1437 721 1509 ostendunt,
750 1443 813 1496 tum
842 1438 959 1497 demum
986 1438 1112 1512 ,immo“
1139 1441 1217 1501 affir-

94 1565 186 1616 mare,
211 1547 236 1603 si
260 1543 414 1602 concedat
431 1543 628 1616 iuterrogatio
645 1543 792 1618 negativa.
833 1540 922 1598 Recte
945 1543 1038 1618 igitur
1052 1542 1219 1619 Wagnerus

98 1645 227 1720 „immo“
259 1665 347 1704 sensu
375 1664 490 1702 onasum
518 1663 580 1702 esse
610 1642 700 1714 dixit,
734 1663 787 1700 nec
817 1643 892 1700 male
929 1639 1047 1716 „intns“
1079 1649 1217 1720 coniecit,

92 1750 163 1808 coll.
188 1750 254 1807 Mil.
280 1750 355 1807 546:
382 1747 646 1820 „Philocomasium
670 1765 766 1804 eccam
789 1743 901 1804 intus“.
943 1745 1023 1806 Pers.
1048 1749 1126 1806 247:
1153 1769 1217 1822 „ec-

93 1852 199 1911 cillum
223 1849 332 1909 domi“.
377 1850 444 1908 Ter.
466 1847 523 1908 Ad.
550 1849 625 1907 389:
652 1848 758 1920 „ellam
781 1845 890 1906 iutus“.
935 1847 1044 1907 Verum
1068 1849 1095 1908 h.
1109 1850 1129 1907 l.
1153 1871 1217 1922 ,ec-

92 1951 214 2013 cillam“
239 1973 293 2011 nec
316 1951 474 2012 admodum
497 1954 599 2028 aptum
622 1956 667 2008 est
695 1969 764 2020 nec,
798 1950 823 2007 si
853 1955 988 2008 accurate
1016 1969 1078 2008 rem
1106 1953 1216 2026 exigas,

93 2061 126 2116 in
158 2055 245 2114 codd.
269 2061 327 2128 est,
358 2074 425 2112 nam
454 2058 484 2111 et
511 2052 536 2110 B
564 2051 642 2110 etD
675 2047 826 2124 ,scillem“
859 2051 979 2110 habent.
1035 2053 1158 2111 Accedit
1187 2057 1218 2112 in

92 2159 203 2218 iisdem
221 2158 306 2216 codd.
323 2157 429 2215 lacuna
452 2160 520 2214 ante
541 2151 665 2227 „immo“
691 2155 843 2212 ulterioris
866 2155 1042 2232 corruptelae
1065 2156 1216 2216 indicium.

93 2259 311 2337 Reponendum
329 2261 422 2334 igitur
440 2258 479 2331 id,
498 2256 577 2334 quod
595 2256 699 2316 Euclio
718 2256 897 2332 respondere
915 2256 1019 2315 debuit
1035 2259 1097 2315 sive
1113 2259 1218 2317 iisdem

92 2366 158 2422 aive
183 2361 328 2422 similibus
344 2361 457 2420 verbis:
483 2359 604 2434 „Habeo
627 2356 718 2416 filiam
742 2356 854 2418 domi“.
877 2389 919 2399 -
942 2363 1013 2418 776.
1037 2357 1219 2420 renuntiare

92 2461 279 2541 repudium,
314 2464 350 2522 oi.
379 2463 447 2522 Ter.
470 2461 588 2520 Phorm.
613 2463 690 2520 677:
733 2462 811 2533 ,illis
845 2461 1001 2539 repudium
1034 2461 1217 2522 renuntiet“.

93 2571 174 2627 929:
214 2567 388 2643 „repudium
417 2565 528 2622 alterae
556 2561 750 2636 remiserim“,
773 2569 807 2621 ut
830 2563 877 2621 hic
900 2563 978 2622 inire
1001 2566 1071 2624 792.
1128 2566 1218 2624 luris·
1244 2561 1249 2572 '

91 2670 224 2729 consulti
253 2667 505 2738 animadvertunt,
540 2667 701 2724 diuortium
733 2666 940 2724 tantummodo
968 2667 998 2724 iu
1026 2686 1118 2724 uxore
1149 2669 1216 2742 dici,

91 2771 254 2849 repudium
276 2774 365 2830 otiam
387 2772 419 2828 in
440 2787 561 2846 sponso,
592 2789 620 2827 v.
643 2769 727 2827 Paul.
751 2768 819 2843 Dig.
841 2768 881 2841 L,
909 2771 961 2841 16,
988 2771 1057 2828 191.
1080 2799 1123 2810 ·-
1146 2773 1217 2830 777.

95 2869 294 2948 ,Emortuom
318 2869 441 2932 ornare“
460 2871 537 2930 Non.
554 2889 584 2946 p.
606 2871 663 2929 105
688 2871 743 2928 hoc
767 2891 853 2930 versu
877 2871 977 2944 allato,
1000 2873 1031 2929 in
1055 2893 1113 2949 quo
1137 2879 1218 2931 recte

91 2979 210 3036 omittit
234 2977 332 3054 atque.
354 3005 391 3016 —
416 2976 487 3033 778.
512 2973 702 3049 quantumst,
727 2975 746 3033 i.
766 2993 792 3031 e.
816 2974 955 3047 omnium,
978 2973 1014 3032 cf.
1038 2973 1146 3032 Pseud.
1167 2977 1216 3034 37.

89 3080 182 3156 Capt.
207 3081 277 3138 829.
316 3078 408 3136 Mero.
433 3078 504 3136 654.
544 3076 612 3135 Ter.
637 3077 743 3136 Heaut.
769 3078 845 3134 810:
884 3093 1004 3145 „omnes
1032 3075 1063 3132 di
1086 3077 1218 3152 deaeque

88 3179 301 3260 quantumst“.
329 3181 374 3238 Pl.
392 3179 497 3238 Bacch.
519 3179 608 3238 1169.
638 3178 725 3256 lipid.
747 3179 823 3236 210:
850 3179 1056 3250 „meretricum
1079 3197 1218 3236 numerus

70 3291 207 3356 tantus,
232 3289 375 3361 quantum
391 3284 422 3342 in
440 3281 513 3340 urbe
530 3283 609 3340 omni
623 3279 709 3340 fuid.
745 3280 811 3339 Ter.
824 3279 942 3338 Phorm.
957 3281 1034 3338 853:
1061 3279 1218 3352 ,Omnium

87 3391 238 3464 quantum
261 3391 314 3459 est,
338 3387 389 3463 qui
411 3387 533 3458 uiuent,
565 3385 715 3442 hominum
738 3383 826 3442 homo
849 3377 1075 3440 ornatissume“.
1121 3381 1216 3442 Gutul.

91 3493 121 3562 3,
149 3491 166 3547 2
187 3489 279 3546 al.—
299 3490 370 3548 780.
394 3487 424 3547 el
445 3487 556 3546 delevit
577 3486 760 3545 Goeller.-
778 3479 928 3557 benedico,
952 3484 1014 3544 noli
1034 3483 1216 3558 maledicere,

86 3613 119 3651 r.
145 3591 185 3650 ad
206 3590 289 3650 Asin.
313 3593 384 3650 738.
407 3619 450 3631 -
479 3589 549 3648 781.
580 3585 631 3648 lla
655 3585 688 3648 di
709 3583 829 3666 faciut,
859 3587 895 3646 ci.
922 3585 991 3646 143.
1015 3582 1150 3662 loquitu,
1180 3587 1216 3646 ci.

88 3693 171 3752 Rud.
206 3694 295 3751 1342.
341 3693 450 3751 Pseud.
481 3695 557 3752 539:
597 3691 714 3766 „Dabo,
744 3687 865 3766 inqus“.
910 3690 977 3748 Ter.
1007 3689 1113 3748 Heaut.
1146 3691 1216 3748 829.

87 3797 215 3857 Phorm.
240 3797 310 3854 919.
333 3825 376 3836 —
400 3797 471 3854 784.
505 3795 591 3854 Both.
618 3795 731 3867 ,Quom
753 3793 882 3869 pudeat,
911 3793 983 3868 quin
1004 3787 1130 3868 purget“
1155 3811 1218 3848 cor·

88 3903 186 3972 rexit,
211 3898 282 3976 qnid
305 3904 405 3956 nutem
429 3898 455 3955 si
476 3917 534 3955 uon
557 3895 692 3974 pudeat?
722 3897 815 3955 Immo
839 3895 965 3953 ultorum
983 3890 1060 3969 quiet
1075 3895 1106 3951 in
1125 3907 1218 3970 quom

89 4001 285 4074 mutandum
313 3999 368 4058 hoc
390 4002 467 4058 euim
491 4001 546 4058 ait:
570 3999 637 4058 Non
656 4001 720 4057 sine
737 3998 853 4075 pudore
871 4015 918 4056 me
936 4015 1065 4074 purgare
1083 4015 1216 4072 possum.

92 4137 131 4147 -
146 4105 219 4164 785.
244 4117 298 4181 epo
316 4107 398 4161 extat
415 4104 445 4160 in
456 4102 492 4177 D,
515 4103 545 4160 in
565 4101 588 4158 B
612 4121 716 4160 manus
739 4101 868 4160 secunda
890 4098 1016 4158 eddidit.
1030 4127 1072 4138 —
1085 4099 1156 4156 786.
1176 4091 1220 4157 Ut

87 4209 234 4268 delerant
253 4205 319 4264 edd.
332 4205 476 4282 plerique,
501 4203 551 4262 alii
574 4205 604 4262 in
627 4200 695 4276 ,id“
720 4207 888 4274 mutarunt;
912 4201 964 4260 sed
988 4199 1136 4260 offendere
1159 4219 1218 4258 non

87 4311 182 4370 debet
214 4310 344 4385 repetita
378 4307 529 4366 nonnullis
564 4306 727 4390 interiectis
765 4305 931 4382 particula,
975 4304 1011 4362 ci.
1036 4303 1120 4381 capt..
1146 4300 1231 4360 247..

88 4413 198 4472 Bacch.
219 4415 289 4470 775.
331 4410 396 4468 Cas.
415 4411 492 4468 489:
519 4413 571 4481 „ut
593 4409 632 4480 id,
657 4407 736 4484 quod
760 4409 836 4466 alius
860 4407 994 4466 condiuit
1016 4425 1137 4481 coquos,
1163 4421 1220 4477 ego
