<?xml version="1.0" encoding="UTF-8"?>
<!DOCTYPE html PUBLIC "-//W3C//DTD XHTML 1.0 Transitional//EN"
    "http://www.w3.org/TR/xhtml1/DTD/xhtml1-transitional.dtd">
<html xmlns="http://www.w3.org/1999/xhtml" xml:lang="en" lang="en">
 <head>
  <title>
</title>
<meta http-equiv="Content-Type" content="text/html;charset=utf-8" />
  <meta name='ocr-system' content='tesseract 3.04.00' />
  <meta name='ocr-capabilities' content='ocr_page ocr_carea ocr_par ocr_line ocrx_word'/>
</head>
<body>
  <div class='ocr_page' id='page_1' title='image "./tmacciiplautico00ussigoog_0045.png"; bbox 0 0 2960 5012; ppageno 0'>
   <div class='ocr_carea' id='block_1_1' title="bbox 247 520 1332 598">
    <p class='ocr_par' dir='ltr' id='par_1_1' title="bbox 247 520 1332 598">
     <span class='ocr_line' id='line_1_1' title="bbox 247 520 1332 598; baseline 0.004 -17"><span class='ocrx_word' id='word_1_1' title='bbox 247 520 288 581; x_wconf 77' lang='grc'><strong>22</strong></span> <span class='ocrx_word' id='word_1_2' title='bbox 759 521 853 577; x_wconf 81' lang='lat' dir='ltr'><strong>Plauti</strong></span> <span class='ocrx_word' id='word_1_3' title='bbox 1160 523 1236 598; x_wconf 82' lang='lat'><strong>11,4,</strong></span> <span class='ocrx_word' id='word_1_4' title='bbox 1246 529 1332 586; x_wconf 74' lang='lat'>8-23</span> 
     </span>
    </p>
   </div>
   <div class='ocr_carea' id='block_1_2' title="bbox 245 707 1366 2196">
    <p class='ocr_par' dir='ltr' id='par_1_2' title="bbox 245 707 1366 2196">
     <span class='ocr_line' id='line_1_2' title="bbox 702 707 912 778; baseline 0.014 -3"><span class='ocrx_word' id='word_1_5' title='bbox 702 707 912 778; x_wconf 84' lang='lat' dir='ltr'><strong>Strobilus</strong></span> 
     </span>
     <span class='ocr_line' id='line_1_3' title="bbox 247 811 1124 904; baseline 0.016 -28"><span class='ocrx_word' id='word_1_6' title='bbox 247 811 347 894; x_wconf 81' lang='lat' dir='ltr'><strong>Atqui</strong></span> <span class='ocrx_word' id='word_1_7' title='bbox 370 833 429 898; x_wconf 89' lang='lat' dir='ltr'><strong>ago</strong></span> <span class='ocrx_word' id='word_1_8' title='bbox 451 816 546 898; x_wconf 87' lang='lat' dir='ltr'><strong>istuc,</strong></span> <span class='ocrx_word' id='word_1_9' title='bbox 568 817 724 900; x_wconf 79' lang='lat' dir='ltr'><strong>Anthrax,</strong></span> <span class='ocrx_word' id='word_1_10' title='bbox 748 813 947 887; x_wconf 86' lang='lat' dir='ltr'><strong>aliouorsum</strong></span> <span class='ocrx_word' id='word_1_11' title='bbox 970 821 1124 904; x_wconf 80' lang='lat' dir='ltr'><strong>dixeram,</strong></span> 
     </span>
     <span class='ocr_line' id='line_1_4' title="bbox 247 919 1366 1017; baseline 0.021 -33"><span class='ocrx_word' id='word_1_12' title='bbox 247 919 321 985; x_wconf 91' lang='lat' dir='ltr'><strong>Non</strong></span> <span class='ocrx_word' id='word_1_13' title='bbox 342 922 438 1006; x_wconf 89' lang='lat' dir='ltr'><strong>istuc,</strong></span> <span class='ocrx_word' id='word_1_14' title='bbox 462 925 550 1010; x_wconf 91' lang='lat' dir='ltr'><strong>quod</strong></span> <span class='ocrx_word' id='word_1_15' title='bbox 572 932 609 992; x_wconf 91' lang='lat' dir='ltr'><strong>tu</strong></span> <span class='ocrx_word' id='word_1_16' title='bbox 630 927 811 994; x_wconf 87' lang='lat' dir='ltr'><strong>insimulas.</strong></span> <span class='ocrx_word' id='word_1_17' title='bbox 858 929 922 996; x_wconf 89' lang='lat' dir='ltr'><strong>Sed</strong></span> <span class='ocrx_word' id='word_1_18' title='bbox 944 951 1019 998; x_wconf 84' lang='lat' dir='ltr'><strong>erus</strong></span> <span class='ocrx_word' id='word_1_19' title='bbox 1040 933 1173 1017; x_wconf 79' lang='lat' dir='ltr'><strong>nuptias</strong></span> <span class='ocrx_word' id='word_1_20' title='bbox 1316 953 1366 1007; x_wconf 84' lang='grc'><strong>280</strong></span> 
     </span>
     <span class='ocr_line' id='line_1_5' title="bbox 247 1026 591 1100; baseline 0.023 -9"><span class='ocrx_word' id='word_1_21' title='bbox 247 1026 341 1094; x_wconf 86' lang='lat' dir='ltr'><strong>Meus</strong></span> <span class='ocrx_word' id='word_1_22' title='bbox 363 1028 461 1098; x_wconf 92' lang='lat' dir='ltr'><strong>hodie</strong></span> <span class='ocrx_word' id='word_1_23' title='bbox 482 1031 591 1100; x_wconf 84' lang='lat' dir='ltr'><strong>faciet.</strong></span> 
     </span>
     <span class='ocr_line' id='line_1_6' title="bbox 718 1143 899 1211; baseline 0.017 -3"><span class='ocrx_word' id='word_1_24' title='bbox 718 1143 899 1211; x_wconf 77' lang='lat' dir='ltr'><strong>Anthrax</strong></span> 
     </span>
     <span class='ocr_line' id='line_1_7' title="bbox 638 1249 1022 1328; baseline 0.013 -13"><span class='ocrx_word' id='word_1_25' title='bbox 638 1249 764 1328; x_wconf 78' lang='lat' dir='ltr'>Quoius</span> <span class='ocrx_word' id='word_1_26' title='bbox 788 1254 879 1319; x_wconf 86' lang='lat' dir='ltr'><strong>ducit</strong></span> <span class='ocrx_word' id='word_1_27' title='bbox 900 1253 1022 1320; x_wconf 84' lang='lat' dir='ltr'><strong>filiam?</strong></span> 
     </span>
     <span class='ocr_line' id='line_1_8' title="bbox 701 1359 910 1428; baseline 0.014 -3"><span class='ocrx_word' id='word_1_28' title='bbox 701 1359 910 1428; x_wconf 81' lang='lat' dir='ltr'><strong>Strobilos</strong></span> 
     </span>
     <span class='ocr_line' id='line_1_9' title="bbox 245 1460 983 1555; baseline 0.015 -30"><span class='ocrx_word' id='word_1_29' title='bbox 245 1460 353 1526; x_wconf 84' lang='lat' dir='ltr'><strong>Uicini</strong></span> <span class='ocrx_word' id='word_1_30' title='bbox 377 1463 472 1529; x_wconf 89' lang='lat' dir='ltr'><strong>huius</strong></span> <span class='ocrx_word' id='word_1_31' title='bbox 493 1466 658 1534; x_wconf 78' lang='lat' dir='ltr'><strong>Euclionis</strong></span> <span class='ocrx_word' id='word_1_32' title='bbox 680 1469 754 1534; x_wconf 79' lang='lat' dir='ltr'><strong>binc</strong></span> <span class='ocrx_word' id='word_1_33' title='bbox 776 1491 793 1534; x_wconf 92' lang='lat' dir='ltr'><strong>e</strong></span> <span class='ocrx_word' id='word_1_34' title='bbox 815 1491 983 1555; x_wconf 86' lang='lat' dir='ltr'><strong>proxumo.</strong></span> 
     </span>
     <span class='ocr_line' id='line_1_10' title="bbox 246 1569 1043 1660; baseline 0.018 -28"><span class='ocrx_word' id='word_1_35' title='bbox 246 1569 287 1633; x_wconf 87' lang='lat' dir='ltr'><strong>Ei</strong></span> <span class='ocrx_word' id='word_1_36' title='bbox 310 1569 392 1637; x_wconf 90' lang='lat' dir='ltr'><strong>adeo</strong></span> <span class='ocrx_word' id='word_1_37' title='bbox 416 1575 530 1656; x_wconf 84' lang='lat' dir='ltr'><strong>opsoni</strong></span> <span class='ocrx_word' id='word_1_38' title='bbox 551 1575 628 1642; x_wconf 92' lang='lat' dir='ltr'><strong>hinc</strong></span> <span class='ocrx_word' id='word_1_39' title='bbox 652 1578 820 1643; x_wconf 89' lang='lat' dir='ltr'><strong>dimidium</strong></span> <span class='ocrx_word' id='word_1_40' title='bbox 842 1580 940 1645; x_wconf 89' lang='lat' dir='ltr'><strong>iussit</strong></span> <span class='ocrx_word' id='word_1_41' title='bbox 962 1579 1043 1660; x_wconf 85' lang='lat' dir='ltr'><strong>deri,</strong></span> 
     </span>
     <span class='ocr_line' id='line_1_11' title="bbox 247 1676 1128 1768; baseline 0.014 -26"><span class='ocrx_word' id='word_1_42' title='bbox 247 1676 392 1760; x_wconf 89' lang='lat' dir='ltr'><strong>Coquom</strong></span> <span class='ocrx_word' id='word_1_43' title='bbox 415 1680 565 1762; x_wconf 86' lang='lat' dir='ltr'><strong>alterum,</strong></span> <span class='ocrx_word' id='word_1_44' title='bbox 588 1683 766 1768; x_wconf 83' lang='lat' dir='ltr'><strong>itidemque</strong></span> <span class='ocrx_word' id='word_1_45' title='bbox 788 1687 927 1753; x_wconf 84' lang='lat' dir='ltr'><strong>alteram</strong></span> <span class='ocrx_word' id='word_1_46' title='bbox 948 1688 1128 1754; x_wconf 77' lang='lat' dir='ltr'><strong>tibicinam.</strong></span> 
     </span>
     <span class='ocr_line' id='line_1_12' title="bbox 715 1794 896 1861; baseline 0.022 -4"><span class='ocrx_word' id='word_1_47' title='bbox 715 1794 896 1861; x_wconf 80' lang='lat' dir='ltr'><strong>Anthrax</strong></span> 
     </span>
     <span class='ocr_line' id='line_1_13' title="bbox 245 1893 1100 1983; baseline 0.015 -25"><span class='ocrx_word' id='word_1_48' title='bbox 245 1893 369 1978; x_wconf 89' lang='lat' dir='ltr'>Nempe</span> <span class='ocrx_word' id='word_1_49' title='bbox 391 1895 469 1962; x_wconf 90' lang='lat' dir='ltr'><strong>huic</strong></span> <span class='ocrx_word' id='word_1_50' title='bbox 491 1899 661 1966; x_wconf 91' lang='lat' dir='ltr'><strong>dimidium</strong></span> <span class='ocrx_word' id='word_1_51' title='bbox 684 1902 775 1983; x_wconf 89' lang='lat' dir='ltr'><strong>dieis,</strong></span> <span class='ocrx_word' id='word_1_52' title='bbox 798 1903 968 1970; x_wconf 90' lang='lat' dir='ltr'><strong>dimidium</strong></span> <span class='ocrx_word' id='word_1_53' title='bbox 991 1905 1100 1971; x_wconf 85' lang='lat' dir='ltr'><strong>domi?</strong></span> 
     </span>
     <span class='ocr_line' id='line_1_14' title="bbox 703 2009 909 2089; baseline 0.019 -14"><span class='ocrx_word' id='word_1_54' title='bbox 703 2009 909 2089; x_wconf 85' lang='lat' dir='ltr'><strong>Strobilus</strong></span> 
     </span>
     <span class='ocr_line' id='line_1_15' title="bbox 245 2109 601 2196; baseline 0.025 -22"><span class='ocrx_word' id='word_1_55' title='bbox 245 2109 379 2196; x_wconf 83' lang='lat' dir='ltr'>Nempe,</span> <span class='ocrx_word' id='word_1_56' title='bbox 402 2115 487 2180; x_wconf 87' lang='lat' dir='ltr'><strong>siout</strong></span> <span class='ocrx_word' id='word_1_57' title='bbox 509 2117 601 2183; x_wconf 92' lang='lat' dir='ltr'><strong>dicis.</strong></span> 
     </span>
    </p>
   </div>
   <div class='ocr_carea' id='block_1_3' title="bbox 248 2227 1475 2528">
    <p class='ocr_par' dir='ltr' id='par_1_3' title="bbox 248 2227 1475 2528">
     <span class='ocr_line' id='line_1_16' title="bbox 718 2227 1475 2313; baseline 0.017 -20"><span class='ocrx_word' id='word_1_58' title='bbox 718 2227 893 2313; x_wconf 87' lang='lat' dir='ltr'><strong>Congrio</strong></span> <span class='ocrx_word' id='word_1_59' title='bbox 1474 2297 1475 2306; x_wconf 73' lang='grc'>,</span> 
     </span>
     <span class='ocr_line' id='line_1_17' title="bbox 655 2333 1475 2446; baseline 0.006 -45"><span class='ocrx_word' id='word_1_60' title='bbox 655 2333 750 2416; x_wconf 85' lang='lat' dir='ltr'><strong>Quid,</strong></span> <span class='ocrx_word' id='word_1_61' title='bbox 773 2338 826 2402; x_wconf 92' lang='lat' dir='ltr'><strong>hic</strong></span> <span class='ocrx_word' id='word_1_62' title='bbox 848 2359 913 2404; x_wconf 92' lang='lat' dir='ltr'><strong>non</strong></span> <span class='ocrx_word' id='word_1_63' title='bbox 935 2343 1066 2422; x_wconf 87' lang='lat' dir='ltr'><strong>poterat</strong></span> <span class='ocrx_word' id='word_1_64' title='bbox 1089 2339 1129 2404; x_wconf 89' lang='lat' dir='ltr'><strong>da</strong></span> <span class='ocrx_word' id='word_1_65' title='bbox 1151 2360 1211 2404; x_wconf 93' lang='lat' dir='ltr'><strong>suo</strong></span> <span class='ocrx_word' id='word_1_66' title='bbox 1474 2353 1475 2446; x_wconf 68' lang='lat' dir='ltr'><strong>t</strong></span> 
     </span>
     <span class='ocr_line' id='line_1_18' title="bbox 248 2437 863 2528; baseline 0.013 -26"><span class='ocrx_word' id='word_1_67' title='bbox 248 2437 354 2504; x_wconf 83' lang='lat' dir='ltr'>Senex</span> <span class='ocrx_word' id='word_1_68' title='bbox 376 2442 531 2524; x_wconf 89' lang='lat' dir='ltr'><strong>opsonari</strong></span> <span class='ocrx_word' id='word_1_69' title='bbox 552 2442 639 2509; x_wconf 88' lang='lat' dir='ltr'><strong>filiae</strong></span> <span class='ocrx_word' id='word_1_70' title='bbox 661 2446 695 2510; x_wconf 92' lang='lat' dir='ltr'><strong>in</strong></span> <span class='ocrx_word' id='word_1_71' title='bbox 717 2447 863 2528; x_wconf 85' lang='lat' dir='ltr'><strong>nuptiis?</strong></span> 
     </span>
    </p>
   </div>
   <div class='ocr_carea' id='block_1_4' title="bbox 244 2551 1368 4156">
    <p class='ocr_par' dir='ltr' id='par_1_4' title="bbox 247 2551 914 2720">
     <span class='ocr_line' id='line_1_19' title="bbox 703 2551 914 2621; baseline 0.009 -3"><span class='ocrx_word' id='word_1_72' title='bbox 703 2551 914 2621; x_wconf 81' lang='lat' dir='ltr'><strong>Strobilos</strong></span> 
     </span>
     <span class='ocr_line' id='line_1_20' title="bbox 247 2655 336 2720; baseline 0 0"><span class='ocrx_word' id='word_1_73' title='bbox 247 2655 336 2720; x_wconf 83' lang='lat' dir='ltr'><strong>Uahl</strong></span> 
     </span>
    </p>

    <p class='ocr_par' dir='ltr' id='par_1_5' title="bbox 724 2768 895 2854">
     <span class='ocr_line' id='line_1_21' title="bbox 724 2768 895 2854; baseline 0.018 -20"><span class='ocrx_word' id='word_1_74' title='bbox 724 2768 895 2854; x_wconf 83' lang='lat' dir='ltr'><strong>Congrio</strong></span> 
     </span>
    </p>

    <p class='ocr_par' dir='ltr' id='par_1_6' title="bbox 376 2871 1176 3178">
     <span class='ocr_line' id='line_1_22' title="bbox 376 2871 651 2960; baseline 0.007 -20"><span class='ocrx_word' id='word_1_75' title='bbox 376 2871 463 2950; x_wconf 85' lang='lat' dir='ltr'><strong>Quid</strong></span> <span class='ocrx_word' id='word_1_76' title='bbox 484 2877 651 2960; x_wconf 81' lang='lat' dir='ltr'><strong>negotist?</strong></span> 
     </span>
     <span class='ocr_line' id='line_1_23' title="bbox 701 2984 913 3052; baseline 0.009 -2"><span class='ocrx_word' id='word_1_77' title='bbox 701 2984 913 3052; x_wconf 79' lang='lat' dir='ltr'><strong>Strobilos</strong></span> 
     </span>
     <span class='ocr_line' id='line_1_24' title="bbox 741 3092 1176 3178; baseline 0.002 -20"><span class='ocrx_word' id='word_1_78' title='bbox 741 3092 828 3171; x_wconf 82' lang='lat' dir='ltr'><strong>Quid</strong></span> <span class='ocrx_word' id='word_1_79' title='bbox 849 3095 961 3178; x_wconf 87' lang='lat' dir='ltr'><strong>negoti</strong></span> <span class='ocrx_word' id='word_1_80' title='bbox 984 3095 1035 3176; x_wconf 84' lang='lat' dir='ltr'><strong>sit,</strong></span> <span class='ocrx_word' id='word_1_81' title='bbox 1057 3095 1176 3177; x_wconf 77' lang='lat' dir='ltr'><strong>rogas?</strong></span> 
     </span>
    </p>

    <p class='ocr_par' dir='ltr' id='par_1_7' title="bbox 244 3201 1147 3288">
     <span class='ocr_line' id='line_1_25' title="bbox 244 3201 1147 3288; baseline 0.004 -22"><span class='ocrx_word' id='word_1_82' title='bbox 244 3201 368 3266; x_wconf 82' lang='lat' dir='ltr'><strong>Pumex</strong></span> <span class='ocrx_word' id='word_1_83' title='bbox 389 3223 455 3268; x_wconf 93' lang='lat' dir='ltr'><strong>non</strong></span> <span class='ocrx_word' id='word_1_84' title='bbox 477 3209 613 3285; x_wconf 87' lang='lat' dir='ltr'><strong>aequest</strong></span> <span class='ocrx_word' id='word_1_85' title='bbox 634 3202 750 3269; x_wconf 86' lang='lat' dir='ltr'><strong>aridus</strong></span> <span class='ocrx_word' id='word_1_86' title='bbox 767 3211 867 3288; x_wconf 86' lang='lat' dir='ltr'><strong>utque</strong></span> <span class='ocrx_word' id='word_1_87' title='bbox 889 3203 942 3268; x_wconf 92' lang='lat' dir='ltr'><strong>bic</strong></span> <span class='ocrx_word' id='word_1_88' title='bbox 965 3211 1016 3270; x_wconf 88' lang='lat' dir='ltr'><strong>est</strong></span> <span class='ocrx_word' id='word_1_89' title='bbox 1038 3224 1147 3270; x_wconf 89' lang='lat' dir='ltr'><strong>senex.</strong></span> 
     </span>
    </p>

    <p class='ocr_par' dir='ltr' id='par_1_8' title="bbox 247 3310 895 3486">
     <span class='ocr_line' id='line_1_26' title="bbox 720 3310 895 3395; baseline 0.017 -19"><span class='ocrx_word' id='word_1_90' title='bbox 720 3310 895 3395; x_wconf 85' lang='lat' dir='ltr'><strong>Congrio</strong></span> 
     </span>
     <span class='ocr_line' id='line_1_27' title="bbox 247 3418 489 3486; baseline 0.008 -4"><span class='ocrx_word' id='word_1_91' title='bbox 247 3418 310 3483; x_wconf 80' lang='lat' dir='ltr'><strong>Ain</strong></span> <span class='ocrx_word' id='word_1_92' title='bbox 331 3419 489 3486; x_wconf 84' lang='lat' dir='ltr'><strong>tandem?</strong></span> 
     </span>
    </p>

    <p class='ocr_par' dir='ltr' id='par_1_9' title="bbox 704 3529 911 3596">
     <span class='ocr_line' id='line_1_28' title="bbox 704 3529 911 3596; baseline -0.005 0"><span class='ocrx_word' id='word_1_93' title='bbox 704 3529 911 3596; x_wconf 83' lang='lat' dir='ltr'><strong>Strobilos</strong></span> 
     </span>
    </p>

    <p class='ocr_par' dir='ltr' id='par_1_10' title="bbox 536 3637 1368 3718">
     <span class='ocr_line' id='line_1_29' title="bbox 536 3637 1368 3718; baseline 0.002 -15"><span class='ocrx_word' id='word_1_94' title='bbox 536 3639 588 3704; x_wconf 84' lang='lat' dir='ltr'><strong>Ita</strong></span> <span class='ocrx_word' id='word_1_95' title='bbox 611 3661 691 3718; x_wconf 90' lang='lat' dir='ltr'><strong>esse,</strong></span> <span class='ocrx_word' id='word_1_96' title='bbox 714 3646 751 3705; x_wconf 90' lang='lat' dir='ltr'><strong>ut</strong></span> <span class='ocrx_word' id='word_1_97' title='bbox 773 3639 854 3718; x_wconf 90' lang='lat' dir='ltr'><strong>dieo,</strong></span> <span class='ocrx_word' id='word_1_98' title='bbox 876 3642 948 3701; x_wconf 89' lang='lat' dir='ltr'><strong>tute</strong></span> <span class='ocrx_word' id='word_1_99' title='bbox 971 3637 1141 3702; x_wconf 85' lang='lat' dir='ltr'><strong>existume.</strong></span> <span class='ocrx_word' id='word_1_100' title='bbox 1318 3651 1368 3705; x_wconf 76' lang='lat'><strong>290</strong></span> 
     </span>
    </p>

    <p class='ocr_par' dir='ltr' id='par_1_11' title="bbox 250 3743 1261 4156">
     <span class='ocr_line' id='line_1_30' title="bbox 250 3743 1233 3832; baseline 0.002 -26"><span class='ocrx_word' id='word_1_101' title='bbox 250 3746 336 3824; x_wconf 88' lang='lat' dir='ltr'><strong>Quin</strong></span> <span class='ocrx_word' id='word_1_102' title='bbox 359 3745 470 3812; x_wconf 89' lang='lat' dir='ltr'><strong>diuom</strong></span> <span class='ocrx_word' id='word_1_103' title='bbox 492 3753 593 3832; x_wconf 86' lang='lat' dir='ltr'><strong>atque</strong></span> <span class='ocrx_word' id='word_1_104' title='bbox 615 3748 782 3814; x_wconf 91' lang='lat' dir='ltr'><strong>hominum</strong></span> <span class='ocrx_word' id='word_1_105' title='bbox 805 3747 927 3812; x_wconf 87' lang='lat' dir='ltr'><strong>clamat</strong></span> <span class='ocrx_word' id='word_1_106' title='bbox 949 3746 1103 3811; x_wconf 90' lang='lat' dir='ltr'><strong>continuo</strong></span> <span class='ocrx_word' id='word_1_107' title='bbox 1126 3743 1233 3824; x_wconf 90' lang='lat' dir='ltr'><strong>fidem,</strong></span> 
     </span>
     <span class='ocr_line' id='line_1_31' title="bbox 252 3853 951 3939; baseline -0.001 -21"><span class='ocrx_word' id='word_1_108' title='bbox 252 3853 352 3920; x_wconf 84' lang='lat' dir='ltr'><strong>Suum</strong></span> <span class='ocrx_word' id='word_1_109' title='bbox 373 3877 442 3920; x_wconf 89' lang='lat' dir='ltr'><strong>rem</strong></span> <span class='ocrx_word' id='word_1_110' title='bbox 464 3857 597 3939; x_wconf 89' lang='lat' dir='ltr'><strong>perisse,</strong></span> <span class='ocrx_word' id='word_1_111' title='bbox 622 3877 721 3938; x_wconf 84' lang='lat' dir='ltr'><strong>seque</strong></span> <span class='ocrx_word' id='word_1_112' title='bbox 744 3855 951 3935; x_wconf 88' lang='lat' dir='ltr'><strong>eradicarier,</strong></span> 
     </span>
     <span class='ocr_line' id='line_1_32' title="bbox 250 3961 985 4048; baseline 0 -20"><span class='ocrx_word' id='word_1_113' title='bbox 250 3963 298 4028; x_wconf 91' lang='lat' dir='ltr'><strong>De</strong></span> <span class='ocrx_word' id='word_1_114' title='bbox 321 3983 380 4028; x_wconf 91' lang='lat' dir='ltr'><strong>suo</strong></span> <span class='ocrx_word' id='word_1_115' title='bbox 402 3964 507 4048; x_wconf 87' lang='lat' dir='ltr'><strong>tigillo</strong></span> <span class='ocrx_word' id='word_1_116' title='bbox 530 3963 638 4030; x_wconf 90' lang='lat' dir='ltr'><strong>fumus</strong></span> <span class='ocrx_word' id='word_1_117' title='bbox 661 3966 689 4028; x_wconf 89' lang='lat' dir='ltr'><strong>si</strong></span> <span class='ocrx_word' id='word_1_118' title='bbox 711 3983 777 4047; x_wconf 89' lang='lat' dir='ltr'><strong>qua</strong></span> <span class='ocrx_word' id='word_1_119' title='bbox 799 3963 866 4028; x_wconf 82' lang='lat' dir='ltr'><strong>exit</strong></span> <span class='ocrx_word' id='word_1_120' title='bbox 887 3961 985 4028; x_wconf 87' lang='lat' dir='ltr'><strong>foras.</strong></span> 
     </span>
     <span class='ocr_line' id='line_1_33' title="bbox 250 4069 1261 4156; baseline -0.003 -20"><span class='ocrx_word' id='word_1_121' title='bbox 250 4071 344 4152; x_wconf 88' lang='lat' dir='ltr'><strong>Quin,</strong></span> <span class='ocrx_word' id='word_1_122' title='bbox 368 4094 465 4156; x_wconf 90' lang='lat' dir='ltr'><strong>quom</strong></span> <span class='ocrx_word' id='word_1_123' title='bbox 487 4075 514 4138; x_wconf 89' lang='lat' dir='ltr'><strong>it</strong></span> <span class='ocrx_word' id='word_1_124' title='bbox 537 4073 722 4152; x_wconf 85' lang='lat' dir='ltr'><strong>dormitum,</strong></span> <span class='ocrx_word' id='word_1_125' title='bbox 744 4072 856 4137; x_wconf 83' lang='lat' dir='ltr'><strong>follem</strong></span> <span class='ocrx_word' id='word_1_126' title='bbox 879 4071 1055 4156; x_wconf 85' lang='lat' dir='ltr'><strong>obstringit</strong></span> <span class='ocrx_word' id='word_1_127' title='bbox 1077 4069 1117 4136; x_wconf 91' lang='lat' dir='ltr'><strong>ob</strong></span> <span class='ocrx_word' id='word_1_128' title='bbox 1141 4069 1261 4152; x_wconf 85' lang='lat' dir='ltr'><strong>gulam.</strong></span> 
     </span>
    </p>
   </div>
   <div class='ocr_carea' id='block_1_5' title="bbox 247 4323 1365 4487">
    <p class='ocr_par' dir='ltr' id='par_1_12' title="bbox 247 4323 1365 4487">
     <span class='ocr_line' id='line_1_34' title="bbox 317 4323 1365 4399; baseline -0.003 -18"><span class='ocrx_word' id='word_1_129' title='bbox 317 4327 366 4381; x_wconf 79' lang='grc'><strong>229</strong></span> <span class='ocrx_word' id='word_1_130' title='bbox 384 4331 477 4399; x_wconf 85' lang='lat' dir='ltr'><strong>Atque</strong></span> <span class='ocrx_word' id='word_1_131' title='bbox 546 4331 597 4384; x_wconf 84' lang='grc'><strong>282</strong></span> <span class='ocrx_word' id='word_1_132' title='bbox 613 4329 679 4383; x_wconf 92' lang='lat' dir='ltr'><strong>hinc</strong></span> <span class='ocrx_word' id='word_1_133' title='bbox 699 4345 748 4382; x_wconf 87' lang='lat' dir='ltr'><strong>om.</strong></span> <span class='ocrx_word' id='word_1_134' title='bbox 808 4329 858 4382; x_wconf 87' lang='grc'><strong>290</strong></span> <span class='ocrx_word' id='word_1_135' title='bbox 876 4327 946 4381; x_wconf 84' lang='lat' dir='ltr'><strong>dicis</strong></span> <span class='ocrx_word' id='word_1_136' title='bbox 965 4323 1076 4380; x_wconf 82' lang='lat' dir='ltr'><strong>COCUS</strong></span> <span class='ocrx_word' id='word_1_137' title='bbox 1094 4325 1166 4381; x_wconf 83' lang='lat' dir='ltr'><strong>Tute</strong></span> <span class='ocrx_word' id='word_1_138' title='bbox 1220 4325 1269 4378; x_wconf 86' lang='grc'><strong>291</strong></span> <span class='ocrx_word' id='word_1_139' title='bbox 1288 4328 1365 4393; x_wconf 76' lang='lat' dir='ltr'><strong>post·</strong></span> 
     </span>
     <span class='ocr_line' id='line_1_35' title="bbox 247 4415 851 4487; baseline -0.007 -17"><span class='ocrx_word' id='word_1_140' title='bbox 247 4417 360 4487; x_wconf 67' lang='lat' dir='ltr'><strong>pontus</strong></span> <span class='ocrx_word' id='word_1_141' title='bbox 371 4416 516 4484; x_wconf 73' lang='lat' dir='ltr'><strong>proetimo3</strong></span> <span class='ocrx_word' id='word_1_142' title='bbox 531 4415 688 4485; x_wconf 64' lang='lat' dir='ltr'><strong>proficitur</strong></span> <span class='ocrx_word' id='word_1_143' title='bbox 705 4415 851 4470; x_wconf 81' lang='lat' dir='ltr'><strong>Strobilos.</strong></span> 
     </span>
    </p>
   </div>
   <div class='ocr_carea' id='block_1_6' title="bbox 0 0 1484 5012">
    <p class='ocr_par' dir='ltr' id='par_1_13' title="bbox 0 0 1484 5012">
     <span class='ocr_line' id='line_1_36' title="bbox 0 0 1484 5012; baseline 0 1"><span class='ocrx_word' id='word_1_144' title='bbox 0 0 1484 5012; x_wconf 95' lang='lat' dir='ltr'><strong> </strong></span> 
     </span>
    </p>
   </div>
  </div>
 </body>
</html>
