2922 5006
214 465 222 478 ’
247 503 309 566 236
757 495 852 552 Plauti

669 685 952 754 Phaedromus

250 797 310 863 Uin
334 798 479 882 aquam?

711 903 908 971 Curculio

468 1013 503 1082 Si
523 1013 766 1092 frustulentest
792 1013 844 1094 dc,
868 1012 1004 1080 obsecro
1027 1013 1145 1096 hercle,
1170 1013 1348 1081 obsorbeam.

673 1121 952 1189 Phaedromus

247 1231 317 1298 Uee
341 1233 442 1317 capiti
465 1238 533 1298 tuo.

716 1339 909 1406 Curculio

550 1449 695 1516 Obsecro
719 1448 838 1528 hercle,
861 1449 960 1516 facite
983 1456 1118 1516 uentum
1141 1455 1180 1516 ut
1201 1449 1351 1534 gaudeam.

672 1557 947 1625 Phaedromus

245 1668 407 1734 Maxume.

717 1773 908 1842 Curculio

400 1884 486 1964 Quid
508 1884 628 1965 fecitis,
652 1885 800 1970 quaeso?

697 1993 920 2058 Palinurus

787 2099 941 2167 Ucutum.

714 2225 908 2292 Curculio

931 2333 1015 2400 Nclc
1038 2335 1193 2420 equidem
1214 2337 1292 2410 mihi
1317 2352 1360 2407 315

244 2447 331 2512 Fieri
354 2445 536 2511 centulum.

672 2550 947 2618 Phaedromus

555 2659 640 2738 Quid
663 2661 788 2743 igitur?

717 2789 907 2858 Curculio

828 2899 919 2978 Esse,
942 2906 980 2966 ut
1002 2907 1139 2966 uentum
1161 2901 1323 2985 gaudeam.

671 3031 947 3097 Phaedromus

246 3143 395 3227 Iuppiter
417 3149 451 3209 te
475 3141 573 3228 dique
596 3140 746 3226 perdent.

716 3270 909 3338 Curculio

779 3379 880 3460 Perii;
903 3379 1069 3465 prospicio
1093 3401 1220 3464 perum,

245 3487 289 3554 Os
313 3509 463 3553 amarum
484 3487 601 3568 habeo,
627 3489 742 3554 dentes
765 3487 854 3569 dent,
878 3488 1022 3572 lippiunt
1044 3487 1156 3555 fauces
1180 3487 1278 3568 feme3

244 3595 295 3660 Ita
320 3596 384 3660 cibi
406 3596 589 3688 ueciuitate
612 3598 709 3663 uenio
733 3596 827 3662 lassis
849 3595 1004 3663 lectibus,

673 3727 950 3794 Phaedromus

243 3833 314 3900 Iam
338 3833 574 3918 edes·eliquid.

710 3942 906 4010 Curculio

341 4051 371 4117 N
374 4053 427 4118 olc
450 4051 560 4117 hercle
580 4051 718 4136 valiquid,
741 4059 866 4118 certum
890 4073 988 4135 quam
1012 4052 1138 4137 aliquid
1161 4050 1293 4118 mauolo.
1308 4059 1350 4115 eto

312 4311 363 4362 318
391 4307 488 4363 dentes
512 4307 612 4378 plenos
632 4307 756 4377 lippiunt
859 4311 909 4364 319
935 4308 981 4364 Ite
1004 4309 1060 4364 cibi
1083 4307 1246 4364 antecedenti
1270 4293 1346 4355 demi

243 4393 389 4448 adiicerent.
444 4392 593 4450 Ueeuitate
648 4396 700 4448 320
716 4393 775 4448 Iam
793 4393 858 4448 edet
877 4393 984 4463 aliquid
1003 4395 1173 4451 antecedenti
1191 4389 1315 4448 adtoetdd
