2928 5010
294 483 353 544 H2
802 479 894 533 fflffi
1205 481 1375 546 NMNJ

742 667 965 753 Chrysalus

290 774 336 839 Ut
357 775 460 840 uerba
482 775 562 840 mihi
584 775 656 840 dat!
682 783 718 840 ut
740 777 860 857 nescio,
884 797 982 860 quarn
1005 797 1074 842 rom
1097 779 1205 860 gerat!
1344 795 1376 844 aa

291 881 411 948 Seruoa
434 884 574 949 arcessit
595 884 692 964 intus,
717 887 772 967 qui
794 906 845 948 me
868 886 1026 950 uinciant.

289 989 379 1055 Bene
401 993 498 1056 nauis
522 993 673 1074 agitatur,
696 992 808 1074 pulcre
832 992 913 1058 haec
937 993 1103 1060 confertur
1125 995 1216 1060 ratis.

291 1098 355 1163 Sed
378 1101 603 1180 conticiscam;
626 1121 702 1166 nam
725 1101 824 1166 audio
847 1103 968 1184 aperiri
990 1101 1078 1166 foris.

397 1443 640 1530 uloonunus
663 1463 813 1528 snunx.
859 1463 1110 1530 auersatus
1136 1437 1303 1530 saeuos.

741 1571 965 1638 nonnius.

737 1749 765 1811 N
774 1749 963 1815 icobulus
984 1801 987 1806 .

291 1853 486 1939 Constringe
509 1863 546 1922 tu
568 1857 626 1934 illi,
649 1860 794 1937 Artemo,
817 1865 965 1924 actutum
988 1879 1112 1923 manus.

740 1965 965 2049 Chrysalus

156 2095 162 2110 ·
291 2069 376 2146 Quid
399 2069 485 2137 feci?

741 2181 771 2245 N
779 2181 967 2249 icobulus

530 2288 667 2372 Inpinge
690 2310 845 2373 pugnum,
870 2291 898 2356 si
921 2290 1115 2356 muttiuerit.
1350 2299 1384 2348 tto

291 2396 376 2474 Quid
398 2397 459 2463 hae
481 2397 659 2479 loquontur
680 2397 819 2462 literae?

745 2504 969 2589 Chrysalus

860 2613 945 2690 Quid
969 2635 1020 2679 me
1042 2616 1161 2699 rogas?

293 2719 338 2784 Ut
361 2719 402 2785 ab
425 2719 481 2785 illo
505 2721 625 2803 accepi,
649 2720 690 2784 ad
713 2727 746 2786 te
770 2721 959 2804 obsignatas
982 2724 1095 2788 adtuli.

739 2828 970 2895 Nicobulus

292 2935 364 3001 Eho
387 2941 434 3015 tu,
457 2935 679 3018 loquitatusne
703 2958 736 3001 es
759 2947 857 3020 gnato
880 2957 952 3003 meo
1060 3021 1063 3028 Ι

292 3043 378 3109 Male
400 3065 459 3127 per
482 3065 673 3124 sermonem,
698 3045 775 3128 quia
798 3047 841 3109 mi
864 3047 898 3110 id
920 3066 1036 3112 aurum
1058 3047 1212 3126 reddidit,
1323 3050 1329 3071 ’

291 3149 334 3214 Et
355 3160 389 3216 te
412 3151 524 3217 dixisti
546 3151 580 3216 id
603 3173 719 3218 aurum
742 3154 929 3220 ablaturum
950 3165 1057 3219 tamen
1352 3155 1391 3212 800

293 3259 357 3323 Per
380 3258 651 3343 sycophantiam?

744 3366 965 3452 Chrysalus

700 3475 812 3558 Egone
834 3479 919 3542 istuc
944 3478 1032 3543 dixi?

739 3583 768 3647 N
776 3585 968 3651 icobulus

1092 3695 1152 3759 Ita.

745 3796 968 3884 Chrysalus

293 3903 371 3981 Quis
394 3905 533 3986 homost,
558 3907 613 3988 qui
637 3906 726 3972 dicat
747 3929 799 3973 me
823 3909 943 3974 dixisse
966 3912 1075 3975 istuc?

743 4015 966 4082 Nicobulus

1110 4128 1204 4192 Tace.
1249 4131 1251 4141 ’

359 4353 884 4423 ΜΜΕΜΟΜΜΜΓ
