2932 5010
257 515 319 578 358
734 510 885 565 Aulularia.

254 707 355 782 potius
383 702 527 781 „Magna“
561 706 724 766 omittatur.
756 735 798 746 -
827 701 926 784 ioqui,
951 707 987 766 oi.
1015 707 1082 764 134.
1111 736 1145 744 -
1183 709 1253 766 765.
1283 701 1366 766 Bone

255 807 398 883 Lyconidi
422 807 612 866 tribuendum
635 827 707 880 esse,
731 809 800 866 olim
825 809 1009 868 int-ellectum
1029 816 1082 882 est,
1107 807 1217 867 aalide
1235 809 1313 880 dico;
1336 810 1365 868 cl.

255 909 340 986 Oapt.
366 910 436 968 884.
478 909 597 970 Trucul.
622 912 697 970 580:
731 911 899 988 „Inpudsns
920 918 1076 984 mecastor,
1101 912 1219 986 Cyame,
1243 933 1281 969 es.
1316 912 1365 970 CT.

253 1010 377 1086 Egone?
418 1011 480 1070 PH.
509 1012 564 1084 Tu,
588 1012 666 1072 bona
687 1010 777 1072 fide“.
828 1014 894 1074 Ter.
919 1014 1025 1073 Heaut.
1051 1016 1128 1072 761:
1170 1013 1250 1088 „Gla
1274 1014 1367 1072 Bonan

253 1113 322 1174 fide.
356 1113 411 1173 SY.
425 1111 592 1173 Bona“.-
610 1117 681 1175 766.
705 1110 815 1192 Neque
836 1113 908 1188 seia,
932 1115 985 1194 qui
1008 1111 1176 1190 abstulerit,
1200 1116 1264 1174 haec
1286 1116 1366 1174 verbe

255 1218 362 1276 ceteris
396 1217 604 1292 anteponenda
638 1237 702 1276 esse
735 1217 801 1276 edd.
836 1223 907 1277 vett.
942 1219 1091 1278 viderunt.
1147 1219 1234 1296 Quod
1270 1217 1365 1295 „quis“

254 1321 454 1396 scripserunt,
478 1338 538 1378 non
561 1325 735 1397 crotopus,
764 1321 823 1378 rid.
849 1321 887 1378 ad
908 1321 1015 1400 Amph.
1043 1324 1112 1380 127.
1158 1321 1267 1379 Versus
1290 1341 1368 1379 causa

254 1420 358 1480 Boiu:
397 1423 480 1498 „quis
503 1421 534 1478 id
556 1419 663 1494 abst.“‚
694 1421 830 1482 Miller:
864 1425 933 1499 „qui
961 1424 1120 1483 abstulerit
1141 1424 1244 1496 mihi·‘,
1269 1444 1320 1499 ego
1342 1423 1369 1481 lu

255 1524 365 1582 addere
395 1524 497 1582 malui.
526 1553 568 1564 -
595 1520 631 1582 ld
657 1544 713 1602 pro
745 1521 813 1598 ‚‚ut“
846 1525 971 1584 Binan.
991 1547 1047 1584 sec.
1073 1533 1103 1584 et
1125 1525 1160 1584 D.
1186 1555 1228 1565 -·
1256 1529 1315 1585 768
1338 1546 1368 1582 ex

254 1626 353 1685 Nonio
376 1626 527 1686 emendari
549 1629 660 1704 potuit,
695 1629 746 1702 qui
768 1647 797 1704 p.
824 1629 883 1686 128
907 1647 949 1705 sq.
999 1623 1229 1704 „ludipiscerc,
1263 1636 1365 1705 petere,

254 1748 408 1806 usurpare.
453 1729 577 1788 Plautus
604 1729 774 1787 Aulularia:
809 1750 862 1788 nco
889 1737 1004 1808 partem
1035 1731 1092 1790 tibi
1114 1732 1198 1790 Adeo
1226 1733 1274 1789 cui
1300 1730 1367 1788 indi-

226 1821 228 1824 ’
254 1833 350 1909 pisces
380 1851 475 1910 neque
503 1832 598 1890 iurem
620 1827 788 1909 excipies'?“
816 1838 846 1890 et
868 1853 897 1910 p.
922 1835 1001 1892 293:
1038 1827 1212 1908 „Excipere
1235 1852 1365 1890 excusare

253 1934 303 1992 vel
325 1935 432 2016 celare.
477 1934 600 1994 Plautus
622 1937 653 1992 in
674 1934 845 1992 Aulularia:
876 1955 930 1994 nec
957 1941 1074 2014 partem
1096 1937 1153 1994 tibi
1175 1935 1259 1994 Adeo
1283 1936 1364 1993 cuivis

253 2037 407 2115 indipiscis
436 2055 531 2114 neque
559 2036 654 2094 furem
683 2035 843 2114 excipias“.
889 2037 946 2096 Sed
969 2037 1100 2097 Plautini
1123 2037 1208 2098 codd.
1233 2041 1319 2096 etiam
1339 2039 1365 2093 in

253 2139 405 2216 prioribus
428 2145 579 2198 errarunt:
608 2138 672 2212 „Ab
696 2159 730 2198 so
754 2143 891 2217 cuiquam
914 2138 987 2199 est“.
1028 2140 1152 2215 (lamen,
1177 2159 1265 2218 quem
1288 2139 1365 2212 uulgo

254 2245 348 2301 secuti
369 2249 454 2302 sunt:
482 2243 547 2316 „Ab
569 2263 614 2316 eo,
638 2242 741 2319 quiqui
765 2248 817 2314 est,
841 2242 910 2302 inde
931 2241 1072 2320 posces“;
1096 2243 1148 2302 sed
1170 2245 1239 2320 quis
1260 2243 1364 2312 sursit,

253 2345 329 2404 nihil
357 2345 394 2402 ad
422 2365 484 2403 rem
506 2344 608 2403 refert.
653 2343 758 2421 Wagn.
787 2346 850 2416 „Ab
873 2365 923 2420 eo,
951 2348 1022 2422 quoi
1044 2341 1113 2419 sit“‚
1143 2348 1162 2404 i.
1187 2366 1211 2404 e.
1236 2348 1266 2404 in
1289 2348 1363 2402 cuius

253 2449 472 2524 possessiouem
494 2449 592 2519 venit,
622 2447 703 2524 quod
731 2449 898 2525 significare
920 2449 969 2506 rix
991 2453 1097 2526 potest.
1142 2448 1261 2506 Miller.
1285 2449 1365 2505 licen·

252 2550 327 2606 tius:
365 2549 485 2626 „Neque
513 2554 631 2626 partem
654 2549 711 2608 tibi
734 2551 949 2610 Herculaneam
971 2547 1164 2628 indipisces“.
1209 2549 1275 2628 Ego
1297 2545 1363 2608 adeo

252 2649 424 2710 Nonianum
457 2657 536 2709 reote
569 2671 635 2710 cum
662 2668 761 2729 raeque
789 2655 872 2727 iungi
901 2639 1063 2711 arbitratus
1092 2654 1213 2729 scripsi:
1252 2652 1363 2727 „Neque

251 2759 369 2830 partem
386 2753 442 2811 tibi
459 2753 543 2812 Adeo
560 2773 700 2832 umquam
718 2758 780 2814 eius
798 2752 988 2833 indipisces“.
1023 2751 1194 2831 indipisces
1211 2761 1257 2813 est
1274 2762 1362 2812 autem

252 2857 389 2931 accipies.
424 2856 528 2915 Euclio
551 2877 618 2916 eum
639 2863 722 2917 vetat
744 2857 775 2916 id
793 2860 898 2932 facere,
922 2857 1002 2934 quod
1020 2856 1113 2933 Gripo
1131 2856 1286 2915 Trachalio
1303 2875 1363 2934 pro

251 2959 336 3034 ponit
357 2961 388 3016 in
405 2958 534 3018 Rudent.
554 2961 615 3019 958
635 2980 678 3036 sq.
706 2960 789 3036 „Ego
812 2963 888 3020 istuc
910 2961 1024 3019 furtum
1048 2962 1108 3018 scio
1125 2963 1196 3038 quoi
1215 2960 1363 3028 factumst3

251 3079 329 3119 nunc
352 3060 425 3119 mihi
448 3065 473 3120 si
495 3063 540 3120 vis
564 3062 634 3120 dare
657 3063 822 3136 dimidium,
845 3064 990 3122 Indicium
1013 3063 1131 3121 domino
1154 3081 1214 3120 non
1237 3057 1362 3120 facicm“.

253 3157 445 3240 „Exceperff
472 3165 516 3222 eit
538 3163 666 3224 Gronov.
693 3171 757 3240 „est
780 3168 925 3244 recipere,
957 3165 1029 3224 dare
1052 3166 1148 3224 locum
1171 3163 1362 3230 delitescendi,

251 3265 367 3324 csjCio.
392 3265 495 3325 Manil.
521 3269 549 3340 9,
574 3269 629 3325 23:
664 3267 743 3326 hunc
765 3269 796 3326 in
818 3269 962 3346 illcqfuga
984 3268 1125 3345 Tigranes
1147 3287 1200 3326 rex
1225 3265 1362 3344 excepit“.

250 3396 293 3408 —
325 3363 435 3428 Ituci.
460 3369 568 3447 Amph.
595 3371 665 3430 358.
710 3369 789 3429 Men.
816 3373 907 3431 1074.
952 3369 1019 3430 Ter.
1042 3369 1134 3428 Andr.
1160 3371 1232 3428 849.
1255 3371 1293 3428 al.
1329 3397 1364 3407 -

252 3471 323 3530 769.
351 3466 442 3546 Quid,
464 3466 598 3546 sifallie
616 3473 720 3556 scripsi
739 3493 805 3532 cum
823 3472 990 3532 Gamerario
1009 3479 1039 3531 et
1055 3473 1215 3550 plerisque.
1250 3471 1362 3546 Wagn:

254 3573 302 3644 „It
329 3574 354 3630 si
384 3569 482 3631 fallis“
508 3580 559 3633 aut
585 3571 716 3648 „falles“.
763 3574 806 3635 of.
830 3575 937 3652 Amph.
963 3577 1040 3636 388:
1068 3575 1172 3649 „Quid
1196 3577 1220 3634 si
1244 3570 1361 3634 fallesi“

252 3674 341 3732 aliter
365 3677 441 3734 926:
468 3675 521 3750 „Id
543 3678 569 3736 si
591 3676 691 3737 fallo“.
715 3709 758 3720 —
782 3673 862 3738 Tacen
883 3693 931 3738 me
954 3677 1021 3737 edd.
1044 3683 1117 3738 vett.

337 3779 408 3837 770.
444 3773 501 3839 Sat
529 3775 636 3854 babae,
671 3781 707 3840 of.
738 3780 828 3840 Most.
854 3783 924 3840 643.
969 3780 1036 3840 Ter.
1060 3780 1136 3840 Eun.
1161 3783 1234 3841 485.
1280 3779 1362 3838 Andr.

251 3882 312 3938 705
331 3885 362 3938 et
381 3881 450 3953 335,
475 3881 513 3940 ad
532 3903 619 3960 quern
637 3884 734 3944 locum
751 3881 901 3943 Donatus:
927 3883 994 3958 „Sic
1013 3885 1128 3960 antiqui
1144 3903 1200 3961 pro
1223 3878 1359 3959 „sufficit“

249 3983 322 4042 satis
351 3983 447 4042 habeo
476 3983 644 4045 dicebant“.
672 4016 715 4026 —
743 3989 814 4046 771.
849 3981 1035 4058 auoncrdus,
1065 3987 1101 4044 ci.
1128 3987 1199 4046 677.
1228 4016 1272 4027 -
1301 3985 1360 4042 777.

242 4086 337 4160 pater
363 4087 496 4146 ultimam
525 4088 691 4166 producere
719 4090 824 4147 statuit
851 4087 1013 4162 Fleckeis,
1048 4089 1154 4147 Annal.
1189 4089 1265 4166 phil.
1294 4087 1360 4158 LXI,

249 4207 279 4264 p.
304 4191 358 4262 32;
393 4189 574 4250 Ritsohelius
607 4188 737 4266 (Proleg.
761 4191 843 4250 Trin.
872 4210 901 4268 p.
926 4189 1101 4264 CLXXVII)
1129 4187 1201 4250 ilina
1228 4191 1360 4250 excidisse

251 4295 365 4350 statuit.
395 4323 438 4332 -
471 4309 565 4352 uocor
592 4293 662 4351 olim
692 4295 889 4353 emendatum.
920 4324 963 4333 -
997 4296 1068 4354 773.
1092 4293 1216 4352 Codices
1246 4299 1277 4354 in
1303 4313 1359 4372 per

250 4395 330 4451 sonis
358 4395 569 4453 distribuendis
598 4401 715 4454 secutus
749 4395 855 4471 Wagn.
885 4397 1030 4473 Lyconidi
1058 4398 1119 4456 haeo
1153 4397 1276 4455 tribuit:
1316 4393 1358 4469 „ld
1446 4441 1447 4448 .
