2922 5006
92 506 244 575 istie-'72
580 511 717 568 Curculio.
1144 519 1206 584 243

553 701 744 768 Curculio

91 804 179 886 Quod
199 807 276 873 istie
300 810 503 896 scriptumst,
526 811 560 876 id
582 819 616 876 te
640 832 735 876 orare
757 812 899 879 iusserat
1154 831 1207 885 425

89 913 236 981 Profecto
259 924 297 982 ut
318 915 455 998 faceres,
479 940 572 986 suam
595 921 624 985 si
645 919 748 985 uelles
770 921 920 1004 gratiam.

595 1063 621 1130 L
656 1084 698 1129 oo

88 1165 249 1250 Conoede;
272 1170 455 1254 inspiciam,
482 1171 560 1256 quid
584 1085 820 1256 sitysoriptum.

547 1330 743 1398 Curculio
892 1405 894 1410 ,

852 1439 1015 1522 Maxume,

85 1543 148 1610 Tuo
172 1544 349 1624 arbitratu,
373 1545 450 1610 dum
472 1546 620 1612 auferam
643 1547 703 1613 abs
726 1554 760 1614 te
782 1547 826 1626 id,
850 1548 939 1633 quod
962 1555 1048 1634 peto.

595 1705 621 1771 L
657 1727 700 1772 oo

87 1811 199 1890 ,Miles
224 1811 347 1896 Lyconi
370 1813 403 1878 in
426 1813 595 1898 Epidauro
618 1729 741 1900 hyospiti

83 1917 145 1984 Suo
167 1920 478 2004 Therapontigonus
502 1923 733 2028 Pistagidorus
755 1923 940 2006 plurumum
1155 1942 1207 1996 430

83 2027 225 2095 Salutem
251 2029 361 2094 dicit.“

415 2201 417 2206 ,
546 2160 744 2228 Curculio

413 2267 506 2334 Meus
529 2269 583 2335 hio
607 2276 666 2349 est,
690 2268 824 2335 hamum
847 2275 953 2336 uorat.

594 2433 700 2518 Lyoo

83 2538 223 2616 „Tecum
246 2560 304 2606 oro
327 2548 360 2606 et
382 2561 516 2626 quaeso,
540 2543 596 2627 qui
621 2541 681 2608 has
704 2539 846 2608 tabellas
869 2539 997 2607 adferet

80 2647 158 2727 Tibi,
183 2655 224 2713 ut
248 2650 277 2712 ei
301 2647 399 2714 detur
422 2671 521 2733 quam
543 2651 618 2715 istio
641 2651 706 2714 emi
728 2650 899 2734 uirginem,

81 2755 173 2834 Quod
196 2763 232 2822 te
255 2765 429 2840 praesente
454 2759 510 2824 isti
534 2759 586 2841 egi
608 2764 706 2840 teque
729 2759 920 2842 interprete,

79 2864 119 2929 Et
141 2886 261 2931 aurum
284 2873 317 2930 et
339 2873 483 2946 uestem3
505 2868 571 2930 iam
595 2867 668 2945 sois,
692 2875 729 2930 ut
751 2867 951 2931 conuenerit.
1155 2883 1208 2938 435

78 2971 260 3056 Argentum
284 2972 341 3038 des
364 2972 488 3054 lenoni3
511 2973 588 3039 huie
611 2973 668 3039 des
690 2974 880 3057 uirginem.“

78 3078 141 3146 Ubi
163 3080 281 3166 ipsus?
327 3077 392 3146 Cur
415 3102 480 3146 non
501 3082 614 3148 uenit?
853 3085 855 3088 ’

547 3244 743 3311 Curculio

665 3351 735 3435 Ego
760 3353 866 3419 diuam
888 3355 958 3420 tibi.

81 3459 164 3537 Quis
186 3459 449 3543 nudiusquartus
472 3463 623 3527 uenimus
647 3462 733 3526 enim
757 3457 888 3528 Cariam

78 3567 127 3632 Ex
149 3569 258 3648 India,
281 3560 328 3634 ibi
352 3589 439 3636 nuno
461 3575 606 3636 statuam
628 3569 700 3634 uolt
723 3568 802 3635 dare
825 3589 961 3637 auream

79 3674 228 3743 Solidsm
249 3675 439 3743 faciundam
461 3698 501 3743 ex
524 3697 606 3743 auro
630 3676 813 3762 Philippeo,
835 3699 921 3764 quae
944 3681 1008 3747 siet
1154 3698 1207 3750 440

80 3781 355 3870 Septempedalis,
378 3784 477 3851 iactis
499 3786 737 3851 monimentum
759 3787 836 3853 suis.

594 3945 697 4029 Lyco

80 4048 185 4128 Quam
208 4051 251 4119 ob
275 4071 345 4116 rem
367 4051 479 4118 istuc?

146 4308 198 4362 428
216 4305 342 4362 adferam
418 4308 470 4362 429
487 4305 673 4376 inephidsuro
719 4334 720 4338 ,
749 4311 801 4364 434
818 4309 883 4364 istiu
913 4355 917 4364 .
962 4308 1083 4364 437-89
1099 4307 1206 4363 daobtts

79 4392 213 4448 affabra.
269 4392 321 4446 437
340 4391 403 4446 dios
454 4393 505 4448 438
523 4393 649 4448 uenimus
668 4395 698 4448 iu
717 4393 827 4449 Cariam

949 4495 1002 4550 16*
