2916 5006
256 515 318 576 430
465 469 466 472 =
738 507 900 564 Bacchides.

211 753 226 784 ⁶
257 703 407 776 convenit,
448 701 527 778 quod
560 703 734 780 respirantis
773 707 804 761 et
842 702 1000 777 gaudentis
1033 709 1092 774 est,
1132 723 1161 762 v.
1192 701 1275 761 (lucc.
1308 705 1372 761 131.

257 805 377 865 Trucul.
407 804 482 864 365:
532 804 612 878 ,sh,
646 805 801 880 aspersisti
829 799 967 880 aquam“.
1020 803 1083 876 Quo
1117 805 1258 864 restituto
1291 805 1374 862 etiam

257 909 372 968 numeri
388 909 599 966 restituuntur.
641 907 676 966 R.
688 907 857 966 Acidalium
875 911 994 965 secutus
1014 903 1115 980 „rem“
1136 907 1255 980 delevit,
1278 906 1373 965 Herm.

259 1007 372 1086 „naha“
399 1010 535 1085 scripsit,
574 1005 691 1082 ,salus“
716 1014 815 1067 antem
843 1009 875 1067 in
896 1009 1065 1086 proximum
1088 1029 1207 1068 versum
1228 1010 1376 1068 transtulit

257 1113 357 1172 deleto
379 1131 444 1171 voc.
468 1109 585 1185 „Mea“,
609 1113 640 1170 in
657 1131 717 1190 quo
733 1111 930 1171 Bitschelinm
948 1116 1121 1187 sequentem
1143 1111 1265 1185 habuit3
1287 1113 1373 1184 male;

257 1235 326 1274 nem
347 1209 435 1274 salus
455 1229 523 1273 mea
546 1213 583 1272 ab
606 1233 675 1272 sene
699 1213 870 1292 appelletur
891 1213 1059 1288 Chrysalus,
1082 1220 1119 1272 ut
1140 1213 1218 1273 Rud.
1243 1215 1303 1273 247
1324 1214 1375 1272 Pa·

257 1318 359 1376 lustra
390 1315 482 1393 ,Spes
512 1312 606 1375 mea“.
640 1345 683 1356 —
716 1318 787 1376 875.
821 1311 995 1376 raucescit
1028 1316 1099 1375 olim
1133 1315 1247 1375 editum
1280 1333 1376 1374 versus
1441 1341 1442 1396 q

259 1439 356 1478 causa.
379 1448 421 1458 —
452 1417 523 1478 876.
553 1417 712 1493 Chrysalus
735 1419 819 1495 prius
840 1419 975 1493 militem,
998 1423 1064 1477 tum
1086 1437 1186 1476 senem
1209 1419 1374 1495 alloquitur.

258 1551 301 1562 —-
324 1523 395 1580 878.
422 1515 592 1594 responde,
623 1519 810 1580 hesitantem
833 1521 971 1600 impellit.
997 1549 1038 1562 -
1068 1522 1138 1580 880.
1169 1517 1248 1598 quid
1268 1519 1374 1579 Camer.

259 1653 302 1664 -·-
325 1626 396 1683 882.
426 1622 458 1684 ot
478 1623 632 1704 Acidalius
655 1643 720 1696 em.‚
751 1643 785 1682 ac
812 1626 854 1682 sic
876 1624 989 1700 legerat
1008 1623 1116 1681 Festus
1137 1643 1168 1701 p.
1195 1625 1270 1696 161,
1303 1621 1375 1699 apud

261 1746 349 1803 quem
371 1725 459 1784 huius
481 1726 538 1784 loci
561 1725 660 1784 lacera
683 1725 848 1800 fragmenta
870 1729 974 1784 extant

540 1875 546 1887 .
604 1873 610 1887 .
657 1827 778 1886 chedem
801 1826 840 1885 sd
861 1827 921 1886 nob
944 1873 951 1886 .
976 1873 983 1886 .
1009 1873 1015 1886 .

476 1929 968 1990 ...tereddamu...

540 2078 546 2091 .
604 2077 611 2092 .
656 2053 719 2092 rem
741 2033 870 2091 soricina
892 2079 898 2090 .
924 2077 931 2090 .
956 2077 978 2105 .‚
1002 2033 1021 2091 i.
1045 2053 1070 2092 e.

465 2134 496 2194 si
518 2133 574 2194 tibi
597 2131 763 2208 maJchaera
786 2139 840 2206 est,
864 2139 896 2192 nt
916 2133 1003 2193 nobis
1027 2177 1034 2193 .
1058 2179 1065 2194 .
1090 2181 1096 2193 .

465 2236 530 2308 Qua
552 2233 724 2313 quidem]te
746 2235 878 2310 reddam,
902 2237 954 2296 nbi
975 2241 1010 2296 tn
1034 2281 1042 2296 .
1064 2281 1071 2296 .
1097 2282 1104 2294 .

466 2335 708 2412 Confossic]rem
731 2339 860 2398 soricina
883 2383 890 2398 .
915 2384 923 2397 .
947 2385 954 2398 .

260 2439 295 2500 R.
323 2440 408 2513 „Tibi
431 2443 486 2500 sist
513 2438 697 2514 machaers“;
731 2443 756 2500 si
784 2440 940 2500 offendunt
968 2441 1097 2515 numeri,
1132 2441 1235 2500 malim
1263 2440 1376 2500 verbnm

263 2541 481 2602 substantivum
503 2544 651 2603 omittere.
686 2573 728 2584 --
760 2540 905 2617 ceruina,
940 2545 960 2602 i.
984 2563 1010 2604 e.
1033 2563 1122 2618 neru,
1156 2549 1238 2603 recte
1260 2543 1376 2620 Pylades

262 2646 410 2704 invenisse
436 2645 566 2705 videtur.
596 2673 638 2687 -
667 2645 739 2706 884.
773 2642 910 2707 soricina
935 2642 1030 2706 nenia
1058 2651 1104 2704 est
1132 2647 1257 2706 eiulatic
1285 2647 1376 2706 soricis

262 2747 415 2824 deprensi,
447 2767 507 2825 qua
528 2747 603 2807 nihil
627 2748 725 2807 audiri
746 2754 847 2826 potest
869 2750 1005 2808 miserius
1027 2748 1090 2822 vel,
1120 2753 1155 2806 nt
1176 2748 1278 2808 Plauti
1300 2753 1376 2806 atate

262 2850 372 2926 aliquis
401 2849 534 2924 dixerat,
565 2845 758 2926 confessio&
788 2872 857 2910 nem
884 2852 967 2910 facili
989 2850 1146 2928 hypallage
1167 2871 1228 2910 vox
1251 2850 1376 2910 animalis

261 2957 323 3010 tam
345 2957 433 3010 acuta
454 2957 576 3031 tamque
599 2959 758 3032 penetrans
782 2959 813 3013 et
835 2957 900 3031 ipsa
922 2953 1058 3014 confossa
1085 2953 1207 3012 dicitur.
1253 2953 1377 3013 Comicus

261 3075 364 3114 servus
376 3055 409 3114 id
422 3061 562 3130 sectatur,
582 3057 662 3133 quod
675 3075 760 3114 nemo
779 3061 925 3134 expectat.
939 3087 981 3097 -
993 3058 1064 3116 888.
1087 3055 1287 3114 Numeremus
1298 3071 1376 3114 cauus

260 3156 393 3232 Guietus,
417 3157 528 3232 Herm,
552 3157 587 3218 R.
600 3162 730 3235 transp.:
758 3158 849 3236 „Spes
872 3155 1026 3230 Latona“;
1050 3177 1231 3235 quamquem
1254 3158 1326 3235 Spes
1345 3155 1374 3213 ab
1444 3201 1445 3218 .

261 3259 324 3338 Ope
347 3261 458 3320 develli
480 3261 531 3317 vix
551 3259 651 3320 debet.
697 3259 836 3320 Fortasse
859 3254 941 3320 Lato
963 3262 1035 3333 fuit,
1063 3265 1098 3318 ut
1118 3260 1215 3318 Varro
1238 3280 1286 3338 ap.
1309 3257 1374 3318 Gell.

260 3362 460 3436 x111,23‚4:
488 3363 548 3436 „Te
571 3363 660 3422 Anus
682 3383 716 3422 ac
738 3349 881 3440 Peranna,
904 3362 1009 3422 Panda
1026 3368 1066 3436 te,
1091 3361 1179 3436 Lato,
1202 3360 1320 3422 Peles“.
1339 3387 1375 3400 ·-·

264 3458 343 3541 Opis
369 3469 451 3524 recte
479 3464 516 3539 Ο,
551 3464 631 3524 Fest.
654 3465 711 3542 Ep.
733 3485 763 3543 p.
790 3468 865 3526 187:
905 3465 996 3543 ,Opis
1025 3464 1106 3524 dicta
1132 3471 1177 3524 est
1207 3467 1314 3525 coniux
1332 3463 1374 3522 se·

260 3570 343 3626 turni
366 3564 440 3626 etc.“
466 3595 508 3608 -
532 3569 603 3627 889.
634 3561 787 3628 Polluces,
822 3568 916 3627 Varro
938 3568 973 3628 L.
997 3567 1030 3640 L,
1055 3567 1090 3640 V,
1115 3569 1170 3626 73:
1197 3569 1247 3642 „in
1269 3565 1374 3626 Latinis

260 3669 370 3730 litteris
392 3669 546 3729 veteribus
569 3669 744 3729 inscribitur
841 3671 985 3743 Polluces,
1008 3689 1067 3728 non
1088 3673 1123 3728 nt
1144 3690 1225 3730 nnnc
1247 3665 1373 3730 Pollux“.

260 3771 434 3832 POLOCES
456 3776 501 3831 est
522 3774 554 3830 in
581 3773 703 3851 specula
724 3773 922 3844 Praenestina,
957 3771 1078 3832 Mulieri
1100 3771 1228 3830 Denlsm.
1252 3792 1278 3832 a.
1301 3771 1335 3830 li.
1354 3767 1372 3840 Ι,

259 3895 288 3932 n.
313 3875 384 3934 310.
429 3873 517 3952 (lorp.
545 3874 638 3934 Inscr.
661 3874 731 3934 Lat.
756 3877 786 3950 I,
817 3878 867 3936 55.
896 3905 940 3915 -
975 3877 1047 3934 890.
1083 3867 1278 3933 Summanus
1303 3877 1373 3930 recle

259 3973 401 4034 scribitur
423 3975 508 4036 Gnrc.
532 3978 594 4036 413
618 3997 684 4055 sqq.
711 3977 791 4052 ,Sub
813 3973 935 4038 manus“
960 3977 1057 4036 forma
1078 3995 1178 4052 prsvae
1200 3973 1373 4053 grammatici

259 4079 384 4138 alicuius
404 4079 545 4139 doctrine
564 4079 698 4139 debetur.
742 4079 822 4138 Dens
841 4084 886 4138 est
905 4081 1047 4156 antiquus
1068 4077 1279 4152 Romanorum,
1301 4076 1372 4134 cuins

258 4183 338 4240 inter
365 4187 482 4242 ceteros
509 4183 701 4242 simulacrum
722 4182 814 4241 fictile
836 4183 895 4241 fnit
916 4185 947 4240 in
970 4183 1092 4260 fastigio
1116 4181 1189 4240 adis
1212 4178 1369 4258 Capitolini,

257 4303 286 4343 v·
309 4283 369 4344 Cic.
396 4283 495 4344 Divis.
517 4283 546 4358 I,
578 4285 626 4344 10.
681 4285 715 4344 T.
744 4285 865 4344 Tatium
896 4303 979 4343 aram
1007 4283 1160 4343 dedicasse
1188 4283 1318 4342 Vulcano
1345 4284 1369 4335 et

259 4384 417 4446 Summano
443 4390 573 4446 metatur
599 4385 695 4446 Varro
725 4385 760 4446 L.
784 4387 818 4446 L.
841 4386 882 4461 V,
907 4389 957 4446 74.
1013 4386 1138 4446 Vulcani
1171 4391 1204 4445 et
1232 4381 1367 4446 Summani
