2916 5006
271 481 334 544 458
776 474 893 546 Captiui.

271 671 330 732 Sed
353 673 404 749 qui
433 691 468 728 oa
495 670 532 730 de
560 690 650 730 causa
672 671 747 730 hanc
769 671 900 730 fabulam
924 671 962 730 ad
984 671 1066 729 aliud
1088 690 1181 748 genus
1203 669 1389 740 referendam,

270 775 435 852 mediaeque
455 778 555 851 potius
577 794 665 852 quam
688 793 773 834 novae
796 774 945 834 comoedia
969 771 1222 832 adnumerandam
1243 777 1390 849 putarunt,

271 880 335 938 sins
359 877 451 935 dubio
475 883 621 936 errarunt.
656 877 749 935 Immo
772 879 797 936 si
820 883 988 953 temporum
1011 881 1097 934 notas
1115 877 1210 934 secuti
1230 877 1390 951 quaerimus,

271 1001 329 1061 quo
358 981 466 1040 aaeculo
499 979 660 1038 verisimile
695 981 733 1037 sit
768 979 829 1038 tale
858 979 967 1037 bellum
996 979 1087 1036 fuisse
1114 979 1194 1036 inter
1221 976 1339 1036 AEtolos
1366 982 1401 1034 et·

270 1085 368 1157 Eleos,
392 1104 493 1142 rerum
515 1085 658 1142 memoria
680 1103 816 1142 maxume
839 1081 878 1140 ad
896 1067 1013 1158 teinpus
1030 1085 1100 1158 post
1118 1080 1282 1139 Alexandri
1298 1081 1393 1156 magni

271 1192 388 1247 aetatem
412 1207 467 1246 nos
489 1185 585 1258 ducit,
610 1204 668 1262 quo
690 1185 862 1244 AEtolorum
884 1184 979 1242 foedus
1003 1183 1101 1242 subito
1131 1201 1265 1242 crescens
1288 1185 1393 1242 ricinos

271 1290 400 1368 populos
429 1291 461 1346 vi
488 1289 546 1347 sibi
574 1288 736 1362 adiungere
767 1287 937 1346 conabatur.
1003 1286 1079 1345 Tum
1111 1285 1203 1344 Eleos
1239 1287 1393 1344 verisimile

272 1397 318 1450 est
334 1391 506 1451 AEtolorum
530 1393 660 1468 impetus
683 1392 774 1448 armis
796 1390 952 1467 repulisse,
977 1409 1157 1466 quamquam
1177 1387 1267 1446 iidem
1285 1395 1393 1465 postea,

271 1514 363 1572 quum
384 1495 477 1553 Arato
507 1494 581 1552 duce
603 1493 779 1552 Achaeorum
808 1495 943 1570 potentia
964 1497 1059 1550 totam
1081 1491 1321 1568 Peloponnesum
1345 1491 1394 1549 sibi

271 1597 435 1672 adiungere
468 1595 614 1669 studeret,
653 1595 827 1655 AEtolorum
866 1596 1026 1654 amicitiam
1066 1600 1097 1652 et
1131 1595 1302 1654 societatem
1338 1614 1393 1653 am·

271 1700 353 1778 plexi
375 1704 454 1758 sunt.

358 1803 392 1860 In
426 1807 599 1879 argumento
633 1803 711 1860 serio
745 1807 775 1860 et
803 1800 842 1858 ad
870 1802 962 1858 risum
993 1799 1169 1858 movendum
1198 1818 1306 1876 parum
1329 1807 1394 1876 apto

271 1911 375 1966 tamen
404 1925 464 1965 non
494 1904 680 1964 desideratur
707 1922 836 1981 persona
858 1901 983 1960 ‘ridiculi
1011 1921 1101 1961 causa
1122 1903 1261 1974 inventa,
1295 1921 1395 1978 para·

161 1997 163 2000 ¹
272 2011 377 2067 situs.
423 2007 519 2079 Quum
541 2027 579 2066 ex
600 2007 666 2066 aliis
689 2005 885 2083 script-oribus
908 2011 971 2063 tum
995 2024 1032 2063 ex
1053 2009 1139 2062 sexto
1161 2005 1301 2064 Athenaei
1322 2005 1395 2062 libro

272 2112 346 2170 satia
365 2113 487 2182 constat,
512 2110 568 2169 hcc
589 2129 696 2168 nomen
718 2110 841 2186 proprie
861 2107 1055 2166 honorificum
1071 2107 1164 2166 fuisse
1182 2126 1294 2183 eosque
1310 2108 1394 2183 signi·

271 2212 384 2286 ficasse,
408 2215 459 2290 qui
482 2213 519 2270 ad
542 2212 644 2290 epulas
666 2229 817 2270 sacrorum
840 2209 1028 2286 publicorum
1052 2229 1141 2269 causa
1163 2209 1258 2268 factas
1280 2208 1395 2267 adhibe

272 2323 390 2386 rentur,
412 2320 520 2392 postea
540 2333 612 2373 vero
636 2333 753 2372 scurras
776 2313 938 2385 indicasse,
968 2314 1019 2388 qui
1042 2311 1080 2370 ad
1102 2313 1241 2371 convivia
1262 2311 1394 2370 admitte·

273 2423 387 2489 rentur,
410 2423 445 2476 ut
466 2415 591 2476 ridicule
613 2416 702 2474 dictis
723 2423 754 2474 et
772 2416 859 2474 factis
878 2417 1018 2474 convivas
1034 2415 1229 2487 oblectarent,
1252 2435 1394 2492 pauperes

272 2520 336 2578 lere
363 2519 511 2591 homines,
547 2520 597 2594 qui
626 2519 664 2577 ad
693 2519 804 2578 nullam
833 2538 896 2576 rem
924 2518 1030 2577 utilem
1058 2518 1134 2594 apti,
1171 2519 1286 2576 ventris
1313 2536 1394 2576 cansa

272 2622 391 2698 quidvis
410 2621 505 2680 lacere
529 2627 560 2679 et
581 2625 646 2698 pati
668 2624 766 2698 parati
789 2629 902 2694 essent;
927 2641 1018 2697 quare
1041 2621 1174 2698 protervi
1197 2619 1394 2680 adulescentes

273 2745 352 2802 saepe
372 2743 430 2782 non
452 2731 513 2782 tam
535 2730 570 2782 ut
591 2725 708 2802 lepores
731 2729 761 2782 et
783 2723 912 2782 ridicule
934 2742 1036 2782 eorum
1059 2721 1289 2795 admirarentur,
1313 2741 1394 2800 quam

271 2835 308 2886 ut
328 2826 481 2899 haberent,
505 2827 613 2904 quibus
636 2829 756 2905 impune
779 2826 943 2886 illuderent
967 2823 1039 2900 (vid.
1063 2825 1102 2883 ad
1124 2845 1153 2884 v.
1178 2823 1244 2898 88),
1275 2827 1394 2884 convivii

273 2950 323 2990 eos
345 2930 509 3006 participes
532 2929 689 2988 faciebant.
734 2928 891 2988 Eiusmodi
913 2929 1083 2986 adulatores
1110 2929 1173 2986 sive
1201 2930 1316 2994 κόλακας
1343 2929 1394 2985 ism

269 3035 397 3112 'antiqua
424 3031 566 3092 comoedia
584 3030 756 3108 Epicharmi
774 3038 805 3090 et
822 3031 979 3109 Eupolidis
996 3033 1028 3089 in
1045 3051 1162 3090 scenam
1182 3029 1394 3091 introduxerat.

274 3155 400 3214 quorum
434 3137 555 3212 egregia
581 3134 752 3209 fragmenta
780 3135 940 3194 Athenaeus
968 3133 1023 3208 VI,
1052 3153 1081 3211 p.
1113 3135 1173 3194 235
1204 3154 1270 3210 sqq.
1300 3133 1393 3202 affert,

273 3239 327 3298 sed
348 3239 551 3315 parasitorum
573 3257 682 3296 nomen
705 3241 736 3296 et
757 3257 852 3315 prope
872 3243 1010 3296 constans
1026 3255 1163 3314 persona,
1187 3237 1275 3310 nigro
1292 3235 1394 3312 capillo

273 3343 419 3416 nigroque
441 3345 494 3398 eut
514 3339 598 3416 pullo
620 3340 713 3417 pallio
735 3343 844 3398 amicta
872 3338 912 3412 (v.
936 3338 1048 3396 Polluc.
1072 3337 1122 3410 IV,
1149 3339 1209 3396 119
1234 3344 1264 3395 et
1289 3333 1395 3410 148>ι

274 3443 374 3502 media
401 3443 543 3502 oommdia
570 3444 686 3500 initium
715 3445 796 3519 cepit
825 3445 856 3499 et
884 3439 922 3498 ad
950 3460 1057 3500 novam
1088 3439 1228 3498 traducta
1257 3446 1312 3498 est.
1355 3437 1394 3496 Ibi

275 3549 374 3604 autem
396 3551 458 3602 tam
481 3545 621 3622 frequens
643 3564 714 3604 usus
737 3545 800 3602 eius
824 3549 899 3615 erat,
923 3549 958 3602 nt
979 3544 1004 3600 si
1027 3541 1151 3614 abesset,
1175 3537 1394 3616 magis'mirm·

275 3647 346 3706 dum
374 3653 465 3720 esset,
500 3667 588 3724 quam
617 3649 642 3706 si
671 3647 796 3706 adesset.
854 3646 910 3717 Qui
942 3646 1036 3722 igitur
1064 3665 1082 3702 a
1110 3644 1246 3721 Captivis
1279 3647 1394 3721 propter

275 3751 442 3826 argumenti
469 3751 647 3827 gravitatem
675 3751 842 3826 parasitum
870 3768 928 3806 non
958 3747 1052 3806 solum
1087 3746 1191 3806 abesse
1221 3747 1393 3812 maluerunt,

215 3872 220 3882 ·
274 3851 442 3912 sedetiam
464 3873 483 3910 a
505 3851 607 3910 Graeca
636 3851 750 3921 fabula,
786 3849 865 3908 unde
888 3851 1022 3909 Romana
1044 3849 1144 3907 efficta
1174 3855 1235 3921 cst,
1271 3849 1393 3908 abluisse

274 3961 429 4034 putarunt,
455 3960 550 4012 totum
567 3955 622 4014 hoc
640 3953 791 4012 comoedia
807 3973 901 4029 genus
920 3973 1025 4029 parum
1037 3951 1243 4011 considerasse
1255 3951 1392 4010 videntur.

362 4056 503 4134 Captivos
521 4055 707 4115 Camerarius
725 4057 832 4114 ceteris
856 4055 993 4114 omnibus
1011 4054 1111 4114 Plauti
1130 4054 1243 4113 fabulis
1261 4051 1391 4130 pretulit.

275 4160 449 4234 Lessingius
472 4163 571 4218 autem
595 4154 711 4231 (Kritik
728 4157 802 4216 iiber
825 4157 873 4216 die
894 4155 1087 4230 Gelangenen
1110 4155 1162 4214 des
1183 4155 1318 4226 Plautus)
1340 4171 1389 4210 om·

276 4263 367 4334 nium,
393 4280 458 4336 quas
480 4280 611 4337 unquam
633 4263 664 4318 in
687 4281 776 4319 scona
797 4267 871 4320 actae
894 4265 972 4332 sunt,
998 4259 1167 4318 fabularum
1191 4254 1389 4336 praestantissi-

276 4381 439 4420 mamaeae
467 4365 591 4420 censuit.
645 4361 698 4422 cui
728 4362 838 4422 iudicio
862 4381 952 4439 quum
976 4361 1065 4420 hodie
1085 4361 1230 4439 perpauci
1253 4356 1387 4424 accedant,
