2916 5006
533 503 567 559 V.
589 507 732 560 ele-246.
1135 515 1196 579 393

66 701 268 780 comparandi.
292 729 335 740 -
358 702 429 760 227.
455 694 639 776 Philippum
661 701 750 760 Both.
775 721 841 776 em.,
864 708 899 762 nt
920 721 948 762 v.
973 707 1051 778 2703
1082 705 1196 768 Ritsch.
1314 701 1318 708 ’

69 800 240 877 „tulimus“,
272 802 326 862 sed
343 803 484 863 Plautina
512 803 639 882 perlecti
661 804 758 862 torma
780 811 826 864 est
845 804 981 880 „tetuli“,
1011 813 1046 866 ut
1065 810 1197 868 animad-

64 909 154 966 vertit
178 905 326 982 Seyffert,
351 905 437 966 Stud.
456 925 485 983 p.
506 910 535 980 7,
565 909 617 985 qui
640 906 679 966 ad
701 905 776 965 illud
797 907 976 968 firmandum
999 913 1087 968 etism
1111 911 1199 971 effert

64 1001 191 1069 Varron.
216 1029 264 1085 ap.
288 1007 364 1067 Gell.
388 1008 410 1081 Ι,
438 1009 490 1082 16,
516 1011 550 1068 3:
594 1010 680 1087 „plus
708 1009 790 1068 mille
820 1015 851 1068 et
879 1016 997 1070 centum
1020 1011 1195 1074 annorum“.

63 1143 105 1153 -
117 1115 191 1172 230.
212 1105 254 1172 Ut
265 1111 436 1170 emendavit
447 1109 562 1172 Bitsch.
575 1141 615 1152 -
629 1114 701 1172 231.
720 1108 863 1190 Quinam,
876 1113 938 1174 vid.
953 1113 991 1172 ad
1001 1115 1109 1193 Amph.
1126 1119 1196 1178 127.

150 1217 224 1274 232.
248 1213 419 1273 Nicobulur
434 1216 504 1289 exit,
529 1221 618 1293 peter
628 1215 815 1288 Mnesilochi,
839 1216 876 1274 de
893 1217 982 1294 longa
995 1215 1050 1276 lilii
1062 1218 1198 1278 absentia

64 1318 220 1377 sollicitus.
278 1315 310 1376 Si
338 1335 441 1376 versus
471 1319 588 1394 integer
617 1323 677 1391 est,
711 1323 781 1396 post
808 1314 912 1378 uisam
941 1319 1050 1379 hiatur.
1095 1320 1196 1382 Herm.

67 1417 284 1497 „ecquaenam“
311 1421 439 1498 scripsit,
462 1420 594 1494 Miller„
617 1420 740 1480 Nachtr.
760 1441 790 1498 p.
812 1423 886 1480 122:
913 1441 967 1494 „co
991 1421 1132 1500 ecquae“.
1158 1455 1196 1464 -

64 1525 133 1582 234.
163 1519 321 1601 formidat
348 1541 414 1580 cum
443 1525 612 1582 accusativo
642 1543 708 1582 cum
736 1519 885 1582 infinitivo
913 1543 969 1601 pro
1000 1523 1118 1601 „quod“
1147 1523 1197 1600 (cf.

63 1627 164 1686 Madv.
190 1625 242 1685 Gr.
267 1625 301 1683 L.
328 1622 419 1700 397),
447 1631 482 1684 ιιι
503 1625 567 1684 Mil.
595 1627 692 1684 1278:
732 1645 855 1699 „uerear
883 1629 978 1702 magis
1006 1627 1057 1686 Me
1088 1633 1199 1688 amoris

64 1749 151 1788 causa
185 1728 244 1788 hoc
277 1732 385 1786 ornatu
418 1711 587 1788 incedere“.
644 1729 729 1806 Capt.
760 1731 831 1788 595.
888 1729 954 1788 Ter.
983 1729 1092 1788 Heaut.
1120 1734 1196 1791 673:

67 1834 206 1906 „crucior
232 1830 333 1889 bolum
364 1830 438 1889 mihi
464 1837 582 1890 tantum
606 1829 771 1908 ereptum“.
796 1831 875 1890 infra
898 1833 969 1890 432.
1015 1831 1100 1892 Oura.
1126 1836 1197 1894 337.

64 1935 154 1994 Poen.
182 1935 261 1992 774:
300 1932 365 2006 „his
395 1933 549 1992 cerebrum
577 1936 678 1992 uritur
701 1935 749 1992 Me
779 1955 843 1992 esse
872 1934 927 1993 hos
954 1940 1104 1994 trecentos
1127 1936 1198 1994 Phi·

62 2039 164 2116 lippos
188 2037 339 2094 facturum
361 2035 469 2095 lucri“.
504 2035 622 2095 Trucul.
648 2038 723 2095 732:
751 2037 905 2112 „inuidere
928 2037 980 2095 alii
1002 2036 1078 2094 bene
1101 2035 1197 2097 eese“.

62 2141 145 2199 Asin.
171 2140 247 2197 465.
273 2167 310 2178 -
337 2139 408 2198 235.
434 2133 592 2211 (tesidere,
617 2141 744 2198 otiosum
765 2159 895 2211 manere,
920 2134 1196 2199 raphaelem:

67 2242 165 2315 „Quid
190 2247 226 2298 tu
248 2241 339 2313 intus,
364 2260 484 2317 quaeso,
508 2239 652 2300 desedisti
674 2249 737 2299 tam
760 2239 842 2300 diu“.
888 2241 956 2299 Ter.
975 2241 1046 2300 Hec.
1067 2243 1138 2301 800.
1156 2271 1199 2282 -

64 2344 225 2402 236-39.
249 2341 319 2401 Haec
342 2341 502 2419 Chrysalus
527 2363 635 2404 secum.
678 2339 845 2416 Extexam,
865 2343 1009 2422 spoliabo.
1050 2344 1198 2403 Extexere

65 2444 153 2518 (ἅπαξ
171 2441 331 2522 λεγόμενον)
356 2451 402 2504 ert
424 2447 534 2520 „telem
557 2465 612 2506 sua
628 2451 751 2506 textura
768 2453 820 2505 aut
839 2447 908 2505 lana
925 2443 1068 2520 nudare“‚
1093 2446 1197 2508 Lamh.

62 2579 104 2588 —
117 2551 194 2608 239.
215 2546 396 2606 Emendavit
408 2547 555 2608 Groeslot.
573 2551 604 2606 in
621 2569 715 2626 marg.
736 2550 829 2610 Deus.
847 2549 995 2623 „Divitem
1013 2569 1114 2608 senem
1133 2571 1199 2608 cum

65 2646 182 2710 Phrixi
196 2646 291 2710 ariete
303 2655 466 2728 comparat,
481 2653 563 2710 cuius
576 2671 700 2712 aureum
709 2653 804 2712 vellus
816 2653 944 2712 Phrixus
956 2651 1052 2711 AEetoe
1065 2653 1197 2712 donavit.

63 2753 118 2814 Hic
141 2755 220 2832 quin
242 2771 346 2811 surum
369 2773 456 2812 omne
479 2755 549 2814 inde
572 2755 755 2828 detraxerit,
791 2755 952 2832 Chrysalus
980 2775 1040 2813 non
1070 2755 1197 2828 dubitat,

64 2863 93 2915 et
115 2855 315 2916 similitudine
337 2875 408 2915 usus
430 2860 462 2916 in
485 2857 542 2916 hec
563 2879 596 2918 re
612 2858 731 2932 vulgari
754 2859 801 2932 (cl.
823 2859 901 2916 intra
921 2859 1012 2916 1092.
1039 2859 1119 2916 1125
1133 2879 1198 2935 sqq.

65 2960 149 3038 Capt.
177 2955 255 3032 265)
279 2960 322 3016 ait
344 2978 375 3016 se
398 2959 502 3018 eodem
525 2961 615 3020 modo
637 2981 736 3019 senem
766 2953 985 3032 detonsarum,
1016 2965 1047 3017 at
1077 2961 1199 3036 quidem

64 3077 162 3139 tseqtte
188 3057 231 3120 ad
251 3057 359 3119 uittam
382 3062 490 3134 eutem,
513 3064 533 3123 i.
547 3083 572 3122 e.
590 3069 625 3121 ut
647 3063 728 3121 nuda
750 3063 828 3120 cutis
851 3059 1069 3138 relinquatur&
1094 3062 1198 3122 Lamb.

149 3165 225 3224 241.
262 3159 370 3222 militer
392 3165 626 3241 monosyllabum
655 3172 709 3223 est.
732 3194 775 3204 —
798 3166 870 3222 242.
904 3163 1084 3223 Ritsohslius
1107 3185 1198 3242 spon·

64 3267 180 3326 deiram
204 3285 305 3324 vocem
327 3269 359 3324 in
381 3267 512 3326 secundo
535 3269 645 3326 senarii
667 3268 743 3344 pede
766 3286 826 3326 non
849 3265 947 3324 ferens
973 3267 1118 3338 „salutem
1137 3269 1199 3345 pri·

64 3369 163 3428 mum“
192 3369 239 3427 ed.
263 3397 304 3408 -
329 3371 399 3428 243.
437 3363 539 3445 Uluti,
563 3371 600 3430 cf.
627 3372 696 3430 136.
719 3399 763 3409 -
787 3371 858 3428 244.
887 3363 999 3443 Euesa,
1029 3371 1198 3439 interiectio

65 3472 241 3546 gaudentis,
266 3472 302 3530 cf.
326 3472 405 3531 Men.
433 3475 508 3531 127:
547 3471 658 3546 „Eusx,
688 3474 787 3550 iurgio
809 3473 908 3531 hercle
931 3471 1052 3530 tandem
1074 3493 1199 3532 uxorem

65 3577 150 3653 abegi
175 3575 213 3632 ab
237 3571 354 3648 ianua“‚
379 3595 468 3652 quem
486 3575 584 3636 locum
602 3576 697 3635 Varro
714 3575 749 3634 L.
767 3575 802 3634 L.
818 3574 883 3648 VH,
903 3576 941 3632 93
962 3573 1049 3632 affert
1068 3575 1198 3634 addens:

67 3678 173 3752 „Euax
202 3677 327 3735 verbum
355 3677 430 3736 nihil
453 3677 617 3753 significat,
653 3679 706 3737 sed
735 3677 895 3736 effutitium
918 3678 1098 3736 naturaliter
1121 3675 1198 3738 est“.

65 3781 107 3840 Cf.
132 3781 215 3840 infre
239 3782 310 3839 721.
356 3779 441 3840 Cure.
472 3783 522 3840 93.
569 3781 666 3842 Oasin.
698 3783 769 3840 777.
803 3809 845 3820 —
880 3776 1046 3856 aspersisti
1076 3797 1199 3858 aquam,

66 3886 152 3960 quasi
183 3881 341 3940 deficienti.
392 3882 490 3942 Affert
518 3883 671 3943 Charisius
699 3903 729 3960 p.
760 3885 820 3942 240
850 3883 886 3942 Κ.
922 3903 987 3941 cum
1020 3884 1200 3960 glossemate

68 3986 130 4059 „fili
153 3983 293 4044 nuutio“.
327 3985 438 4044 Addit:
465 3985 598 4058 „Ennius
622 4007 757 4064 quoque:
780 3987 898 4063 Aquast
915 4005 1036 4062 aspersa
1052 3984 1199 4044 Latinie“.

66 4088 109 4147 Cf.
134 4089 175 4147 ad
198 4088 306 4164 Amph.
334 4091 425 4148 1074.
448 4117 491 4130 -·
515 4083 586 4149 245.
620 4089 794 4149 Pancratice
825 4095 915 4166 atque
938 4081 1095 4159 athletice,
1130 4089 1149 4146 i.
1174 4108 1199 4146 e.

66 4193 281 4268 pancratiaste
310 4197 340 4249 et
368 4192 488 4250 athletae
516 4192 621 4264 modo,
653 4193 689 4251 cf.
713 4193 802 4269 Epid.
828 4194 886 4250 21:
929 4189 1038 4266 „Ualet
1066 4189 1199 4266 pugilice

65 4301 159 4372 atque
182 4291 355 4352 athletice“.
379 4323 422 4336 ·-
445 4295 516 4353 246.
544 4288 627 4370 Quid
646 4289 711 4366 hoe,
736 4311 797 4372 qua
819 4309 924 4365 eausa,
949 4295 986 4352 cf.
1005 4291 1071 4351 Ter.
1091 4293 1199 4351 Heaut.
