2932 5010
521 519 555 576 v.
575 523 719 579 cessa
1119 531 1181 594 see

69 719 156 796 specie
177 718 264 778 huius
288 721 412 796 speciei,
442 719 556 778 scilicet
578 733 594 778 e
615 723 752 777 manente
773 713 805 778 i'n
826 719 1038 795 productione,
1068 717 1183 798 quodi

68 827 130 880 cute
146 841 178 880 se
194 821 299 894 habet;
323 841 390 880 nam
409 823 434 880 si
446 843 515 882 'nou
533 821 650 894 haheat,
674 823 853 899 corripietur
874 820 905 880 iu
928 823 1075 897 genetivo,
1098 827 1132 882 ut
1143 823 1181 882 ab

67 943 114 1000 spe
135 925 206 1001 spei,
229 943 261 982 re
283 925 337 997 rei,
360 922 419 982 fide
441 923 520 997 fidei,
545 943 724 1001 quemquem
741 925 773 982 in
790 924 947 982 Aulularia
964 924 1088 984 Plautus
1110 923 1181 985 fidei

67 1025 176 1100 dixerit,
199 1045 258 1085 non
281 1023 375 1098 fide“;
405 1027 447 1084 sic
472 1029 550 1085 enim
574 1025 771 1086 scribendum.
790 1055 833 1067 -
851 1028 921 1086 576.
945 1027 1039 1100 Quum
1063 1030 1182 1087 omniuo

67 1133 251 1206 antiquorum
269 1148 334 1188 mos
352 1133 430 1187 esset
449 1130 620 1188 securitatis
632 1149 719 1187 causa
730 1129 872 1206 pecunias
884 1131 915 1188 iu
927 1129 1050 1189 deornm
1061 1131 1182 1209 templis

67 1231 217 1310 deponere,
241 1236 304 1290 turn
326 1237 438 1308 preter
459 1237 574 1289 ceteros
596 1230 666 1289 hnic
687 1233 731 1288 rei
755 1237 827 1310 epta
848 1231 937 1291 Fides
958 1231 1096 1292 Euclioni
1117 1233 1184 1292 vise

66 1339 114 1392 est.
147 1333 234 1392 Fidei
251 1353 282 1392 se
299 1339 402 1392 notum
416 1353 480 1392 esse
493 1333 577 1406 dicit,
601 1334 671 1409 quia
689 1335 752 1411 ipse
769 1353 887 1412 semper
902 1333 990 1394 fidem
1007 1336 1181 1408 servaverit,

66 1455 181 1514 eamque
208 1436 362 1509 hortetur,
396 1457 434 1494 ne
462 1439 528 1512 ipse
552 1456 569 1494 e
591 1436 709 1494 nomine
739 1416 793 1495 eno
822 1435 950 1496 recedet.
973 1467 1016 1477 —
1045 1438 1115 1496 577.
1150 1436 1184 1496 tu

67 1552 249 1598 numerorum
278 1558 366 1596 causa
395 1538 507 1596 delevit
528 1537 637 1610 Weis,
668 1541 784 1614 priores
813 1538 980 1598 Acidalium
1011 1540 1105 1598 secuti
1133 1552 1182 1597 me

66 1642 248 1700 sustulerant.
274 1671 311 1682 -
336 1637 521 1713 concredita,
545 1641 581 1702 ci.
605 1639 670 1698 Cas.
694 1641 772 1698 456:
810 1637 1023 1714 ,concredui“;
1058 1643 1183 1718 antiqua

65 1743 159 1816 forma,
183 1743 264 1802 unde
276 1744 459 1802 coniunctivi
470 1742 571 1800 forme
584 1741 722 1802 creduem
740 1749 771 1800 et
782 1743 921 1816 creduim,
945 1763 973 1802 v.
986 1743 1093 1803 Bacch.
1107 1745 1178 1804 473.

144 2053 214 2109 579.
239 2047 399 2125 Lyconidis
419 2069 530 2121 servus,
555 2051 601 2108 cui
619 2048 766 2108 Strobilus
784 2069 898 2122 nomeu,
921 2049 958 2108 ab
975 2049 1047 2109 hero
1064 2052 1181 2124 missus,

65 2161 95 2210 ut
115 2151 151 2210 de
173 2151 332 2226 Megadori
355 2154 478 2229 nuptiis,
508 2169 574 2228 quae
597 2157 732 2226 agantur,
763 2153 912 2229 exploret,
935 2151 1094 2211 trochaicis
1116 2172 1183 2230 sep·

64 2257 181 2314 tenariis
215 2273 314 2313 secum
348 2253 384 2312 de
413 2256 490 2312 servi
519 2253 693 2312 condicione
721 2254 865 2331 loquitur.
920 2254 1013 2332 Frugi
1046 2255 1124 2312 servi
1152 2273 1183 2312 ee

65 2377 178 2434 operam
194 2362 340 2434 praestare
357 2355 496 2414 affirmat.
530 2355 714 2433 Principium
730 2377 834 2416 versus
852 2355 940 2415 affert
950 2356 1065 2415 Nouius
1076 2377 1106 2434 p.
1121 2359 1182 2417 310

68 2453 221 2532 „Facinus
243 2453 372 2518 fecturu“
397 2477 547 2517 coamens.
587 2473 770 2536 persequor,
794 2461 813 2518 i.
833 2478 1030 2536 consequor,
1055 2459 1091 2519 cf.
1111 2461 1182 2520 585.

64 2561 149 2623 Mero.
174 2565 252 2622 545:
279 2561 353 2634 ,hoc
374 2566 409 2620 ut
430 2561 497 2619 dico
519 2562 605 2620 iactis
627 2559 822 2640 persequar“.
867 2561 959 2622 Stich.
986 2563 1060 2621 145:
1094 2561 1182 2637 ,Cer-

64 2669 157 2724 tumne
176 2669 224 2724 est
236 2669 371 2723 neutram
383 2669 553 2723 nostrarum
564 2666 702 2741 persequi
713 2666 861 2741 inperium
871 2659 999 2742 patris.“
1029 2663 1097 2724 Ter.
1110 2663 1182 2725 Hec.

66 2769 135 2826 616:
162 2788 219 2842 ,ex
241 2787 298 2826 usu
321 2765 402 2843 quod
424 2771 477 2838 cet,
501 2767 533 2824 id
554 2764 748 2845 persequar“.
794 2766 853 2826 (lic.
866 2767 905 2825 ad
917 2767 973 2839 Qu.
986 2767 1023 2827 fr.
1035 2767 1074 2840 11,
1094 2769 1142 2841 14,
1164 2769 1181 2826 2

65 2875 92 2926 et
109 2872 140 2928 3:
172 2875 227 2945 „ut
248 2889 313 2928 mea
334 2868 474 2927 mandata
496 2867 623 2942 digeras,
647 2889 835 2946 persequare,
859 2867 1027 2930 conficiae“.
1046 2899 1084 2912 ·-
1111 2871 1182 2929 580.

65 2964 111 3030 Ne
132 2966 251 3043 habeat,
275 2973 294 3030 i.
319 2991 344 3030 e.
368 2953 445 3030 nolit
466 2971 592 3043 habere;
616 2973 658 3030 sic
681 2970 782 3044 codd.;
806 2971 872 3032 edd.
896 2973 1047 3048 pleresque
1073 2967 1182 3046 „Nec“,

65 3074 144 3134 mele.
190 3068 342 3134 modestice
375 3072 490 3150 aliquid
519 3073 630 3132 habere
660 3077 707 3131 eet
728 3073 853 3132 moleste
875 3073 969 3147 ferre,
1003 3089 1099 3134 morte
1120 3093 1182 3151 seg-

65 3177 138 3234 niter
161 3195 260 3253 agere.
283 3205 326 3216 —
350 3177 420 3236 581.
445 3175 569 3234 Versum
592 3175 678 3234 affert
700 3174 814 3233 Nonius
835 3196 865 3252 p.
892 3177 950 3234 375
974 3195 998 3234 s.
1021 3195 1050 3234 v.
1067 3175 1182 3251 posiu-

65 3271 138 3353 lere,
161 3280 199 3338 de
223 3297 282 3356 quo
304 3299 332 3338 v.
356 3277 395 3336 ad
416 3277 523 3356 Amph.
549 3279 619 3337 357.
643 3307 685 3317 -
708 3291 746 3336 ex
773 3273 940 3352 sententia,
970 3298 1009 3336 sc.
1032 3279 1106 3350 heri,
1129 3297 1184 3336 nec

66 3399 136 3457 opus
158 3401 225 3440 csse
248 3380 383 3440 arbitror
405 3400 471 3439 cum
493 3379 591 3439 Nonio
617 3375 698 3455 „eri“
723 3380 837 3456 legere,
863 3399 1043 3456 quamquam
1065 3399 1182 3457 posses·

64 3481 153 3541 sivum
176 3481 249 3542 addi
271 3483 362 3556 solet,
392 3502 421 3542 v.
444 3482 524 3541 Men.
550 3484 620 3542 270.
646 3485 717 3542 998.
744 3480 835 3542 1177.
886 3482 953 3541 Ter.
978 3481 1084 3542 Heaut.
1110 3483 1181 3542 888.

62 3613 101 3624 -
124 3588 193 3646 582.
228 3579 264 3644 in
286 3599 372 3672 mem
393 3584 517 3645 matera
540 3581 574 3643 in
596 3599 630 3645 cc
652 3600 724 3645 cero
746 3581 890 3645 condecet
911 3599 1087 3660 capescere,
1116 3586 1135 3643 i.
1156 3604 1182 3644 e.

67 3687 111 3758 ,in
121 3687 251 3762 negotiis
263 3685 408 3746 herilibus
419 3692 571 3746 maturare
589 3692 619 3746 et
638 3687 810 3765 diligentem
828 3707 900 3762 esse,
924 3689 956 3745 in
974 3689 1036 3746 suis
1049 3687 1183 3746 cunctari

65 3794 93 3846 et
117 3791 239 3848 tardum
264 3787 358 3849 esse“.
402 3789 517 3848 Nonius
544 3809 575 3868 p.
599 3791 660 3849 266
688 3785 858 3867 ,perferre“
883 3796 1018 3865 enarrat,
1042 3795 1073 3849 et
1094 3789 1182 3864 Verg.

64 3889 127 3950 AEn.
151 3892 175 3965 I,
199 3895 257 3952 77:
292 3891 384 3966 ,mihi
405 3895 487 3951 iussn
510 3911 662 3968 capessere
683 3893 729 3951 ias
751 3889 816 3950 est“
841 3891 964 3951 confert.
1010 3891 1065 3952 Cui
1087 3891 1184 3950 simile

64 3989 180 4052 Plautus
202 3994 286 4054 Trin.
312 3995 390 4053 299:
428 3995 472 4068 „si
501 4014 638 4071 capesses
665 4013 731 4052 meo
752 3989 899 4072 inperia“.
930 4023 972 4034 -
1008 3996 1077 4054 583.
1112 3989 1183 4052 dor·

64 4090 148 4154 milei
175 4097 274 4156 altero
302 4095 368 4155 loco
395 4097 509 4154 iamin
531 4095 619 4157 codd.
644 4097 848 4170 emendatum
883 4097 984 4174 priore
1006 4095 1073 4154 loco
1095 4093 1182 4170 Wag-

65 4215 147 4257 uerus
166 4193 364 4274 „dormitet“;
387 4197 440 4257 sed
461 4218 499 4256 ne
521 4198 597 4257 illud
619 4200 738 4276 quidem
758 4199 901 4258 aPlauto
919 4197 1080 4258 abhorrere
1103 4195 1183 4255 arhi-

65 4301 135 4359 tror.
156 4331 200 4341 —
228 4301 288 4360 Pro
317 4315 386 4360 sese
411 4299 547 4373 Miller,
576 4301 619 4361 Pl.
643 4301 767 4361 Prosod.
790 4321 821 4379 p.
848 4303 905 4361 181
930 4306 992 4361 not.
1018 4319 1069 4374 „se
1098 4293 1180 4357 eeee“

66 4403 209 4476 postulet,
233 4403 271 4462 cf.
289 4408 390 4462 temen
412 4403 451 4462 ed
467 4402 576 4480 Amph.
603 4404 693 4463 1011.
727 4403 810 4463 Asin.
835 4405 885 4462 87.

929 4515 978 4568 22*
