2956 5010
564 493 596 548 v.
615 463 759 550 ιιι-ιιι.
1167 487 1236 566 501·

93 711 127 750 v.
142 691 181 750 ed
197 691 281 750 Asin.
296 691 367 750 655.
380 719 421 730 —
442 689 514 749 434.
538 685 594 749 ica
623 710 679 768 pro
702 686 774 750 istie
797 711 898 752 versus
921 711 1010 752 cauea
1029 693 1114 752 Both.
1128 693 1172 754 ΡΙ.
1187 725 1225 735 -

96 793 151 869 „ie
172 789 354 868 interprete,
378 801 409 849 te
443 798 524 850 tuam
554 793 584 850 in
615 812 649 851 ea
671 812 703 850 re
727 811 848 869 operam
871 794 1096 872 interponente“
1123 797 1226 856 Lamb.

95 924 143 935 -
154 895 227 954 436.
250 893 324 954 Post
342 889 447 954 leaoai
464 894 565 954 hiatus
583 897 613 952 in
629 914 755 968 eaeaure3
780 896 824 956 Fl.
842 893 907 968 ,et“
923 897 1067 970 addebam
1092 899 1225 960 mullera

102 999 290 1074 „Argentum
313 1003 347 1057 ut
371 997 423 1056 des
446 997 556 1068 lenoni,
580 999 606 1055 ie
629 997 697 1056 huic
720 997 772 1056 det
794 997 968 1076 uirginem“.
993 1031 1036 1042 —
1059 1004 1130 1062 437.
1167 996 1230 1064 Ubi

97 1096 212 1177 opsita?
257 1099 302 1159 Fl.
329 1097 478 1178 ,ipsust“;
513 1119 573 1158 non
596 1119 687 1176 opus,
717 1101 777 1160 vid.
802 1101 838 1158 ad
863 1103 970 1180 Amph.
996 1105 1065 1163 590.
1089 1133 1132 1144 -
1154 1105 1226 1165 438.

99 1204 213 1262 Versus
241 1209 413 1280 corruptus,
449 1223 516 1262 uam
550 1223 654 1280 porum
684 1203 826 1262 credibile
854 1211 898 1262 est
929 1203 1072 1265 uenimus
1094 1207 1228 1265 ultimam

97 1306 278 1384 producere.
313 1304 358 1362 Fl.
379 1312 530 1381 transp„
535 1305 568 1364 ln
592 1304 710 1364 Cariam
733 1309 805 1382 quia
827 1328 855 1365 ιι.
874 1305 922 1365 u.“
960 1307 1017 1366 Sed
1041 1309 1230 1368 desideratur

95 1409 289 1479 coniunctio,
324 1427 415 1483 quere
446 1409 620 1466 coniecerim
652 1413 721 1466 aut:
760 1408 853 1479 ,Quia
881 1411 989 1468 nudius
977 1418 1115 1487 quartus
1139 1427 1229 1490 quum

95 1513 240 1571 uenimus
276 1507 430 1588 (praesenti
459 1516 609 1586 tempore,
645 1531 671 1568 v.
696 1509 732 1567 ad
762 1511 868 1586 Amph.
895 1511 968 1585 661)
997 1511 1148 1582 (leriam“,
1178 1521 1229 1574 aut

102 1613 264 1688 „Quia-
288 1611 524 1688 nudiusquartus
546 1613 681 1675 uenimus
704 1615 780 1670 eninr
805 1613 921 1672 Cariam
945 1614 991 1672 Ex
1012 1615 1158 1674 India—
1177 1617 1228 1677 ibi.

100 1747 145 1756 —
162 1717 234 1776 439.
259 1709 343 1786 dare,
367 1713 475 1786 locare,
499 1715 535 1773 cf.
559 1715 639 1773 Men.
659 1717 778 1787 7202,
783 1716 1071 1776 utconcinnandam
1096 1717 1228 1778 darem‘fi

96 1819 171 1878 Ter.
184 1817 242 1878 Ad.
255 1819 333 1876 565·
362 1816 438 1888 „tlec
439 1817 535 1876 ulos'
528 1837 559 1874 ιιι
581 1818 644 1876 sole
666 1817 768 1894 ilignis
790 1817 916 1895 pedibus
938 1817 1093 1878 faciundos
1116 1821 1229 1880 dedit“.

101 1951 147 1962 -
170 1921 242 1978 440.
267 1913 435 1996 Philippeo
457 1938 512 1996 pro
536 1927 687 1996 anapaesto
710 1919 878 1993 legendum,
903 1921 962 1980 rid.
986 1920 1023 1980 ad
1046 1922 1128 1981 Asin.
1155 1925 1229 1995 1523
1334 1947 1338 1956 ·

96 2025 141 2084 of.
165 2021 331 2082 Francken.
362 2023 392 2080 in
420 2021 621 2096 Mnemosyne
650 2021 691 2078 IV
715 2017 843 2112 (1876),
872 2043 902 2100 p.
931 2025 988 2082 159
1012 2043 1056 2101 sq.
1087 2053 1124 2066 -
1158 2027 1229 2084 441.

100 2119 360 2202 Septempedalis,
400 2125 476 2185 ie.
510 2125 677 2182 naturalem
714 2109 840 2184 hominia
873 2145 1042 2185 mensuram
1076 2127 1230 2200 excalens,

97 2228 216 2307 quod
209 2229 306 2286 inanis
323 2227 426 2302 gloriae
444 2233 473 2285 et
492 2228 702 2286 ostentationis
720 2233 801 2299 erat3
832 2227 869 2286 οἱ
887 2227 962 2288 Plin.
982 2229 1019 2287 H.
1038 2229 1073 2287 N.
1093 2229 1230 2302 XXXIV,

104 2334 135 2403 5,
152 2333 201 2404 ll,
215 2332 272 2388 24:
300 2329 352 2402 „.P
372 2329 457 2388 lunio
481 2339 509 2388 et
534 2329 567 2388 T.
587 2329 784 2400 Coruncanio
808 2333 860 2405 qui
883 2330 920 2388 ab
943 2331 1038 2390 Teuta
1061 2331 1231 2406 lllyriorum

101 2434 211 2507 regina
230 2431 380 2490 interfecti
400 2441 494 2504 erant,
519 2431 640 2490 annales
663 2431 842 2490 adnotavere
862 2432 1053 2508 tripedaneas
1070 2440 1184 2493 statuas
1201 2436 1231 2493 in

99 2535 172 2592 foro
203 2539 347 2606 statutam
375 2534 437 2592 hac
465 2535 604 2593 videlicet
632 2553 772 2592 mensura
799 2534 944 2593 honorata
972 2541 1043 2594 tunc
1071 2532 1166 2596 erat“.
1190 2567 1232 2578 -

102 2635 179 2695 442.
218 2631 297 2712 Qm'a
327 2633 425 2709 emim,
454 2657 482 2696 v.
507 2637 544 2696 ad
574 2636 683 2714 Amph.
708 2637 779 2696 659.
812 2665 850 2676 -
881 2638 951 2696 443.
988 2631 1125 2715 Sinopae
1148 2639 1232 2699 Sino·

99 2757 227 2816 penses,
263 2731 416 2798 Oretanos
443 2739 601 2799 Cretenses
623 2739 791 2814 intelligere
814 2760 901 2817 posse
925 2741 1070 2800 videmur.
1095 2773 1137 2783 -
1160 2745 1231 2802 444.

101 2834 296 2916 „Perediam
318 2841 347 2900 ei
369 2836 537 2902 bibesiam“
569 2843 611 2900 ait
633 2841 740 2900 Festus
763 2862 792 2918 p.
818 2844 879 2901 214
906 2844 1047 2914 „Plautus
1070 2844 1157 2903 finxit
1180 2865 1233 2903 sua

103 2943 330 3016 cousuetudine,
349 2962 416 3001 eum
434 2945 563 3019 intelligi
580 2945 677 3003 voluit
692 2943 887 3020 cupiditatem
906 2945 1012 3003 edendi
1030 2953 1061 3004 et
1078 2946 1231 3007 bibendi“.

98 3047 186 3106 Sane
208 3045 334 3104 ridicule
362 3043 432 3103 ficto
460 3053 607 3104 terrarum
636 3047 771 3116 nomina,
807 3053 837 3104 et
861 3067 878 3106 a
900 3049 1034 3124 parasito
1063 3048 1147 3121 lieta3
1182 3049 1233 3108 aad

99 3149 285 3225 comparetis
308 3148 454 3207 Plautinis
474 3147 558 3206 codd.
577 3153 703 3224 apparet
722 3140 932 3208 Perbibesiam
951 3149 1140 3208 scribendum
1160 3171 1233 3213 esse.

101 3280 150 3292 -
173 3251 245 3310 445.
273 3243 586 3310 Centauromachiam
608 3249 733 3309 ridicule
756 3255 866 3310 terram
890 3251 976 3324 fecit3
1000 3254 1071 3310 item
1090 3273 1125 3310 ex
1144 3255 1233 3313 Ama·

98 3372 215 3412 acuum
250 3355 382 3412 exercitu
415 3346 575 3414 Classiam
611 3347 874 3427 Uaomammiam,
910 3357 980 3431 quia
1008 3355 1122 3414 Latinis
1152 3377 1234 3415 exer·

104 3458 187 3515 citus
199 3455 301 3513 classis
320 3455 483 3528 dicebatur,
508 3457 671 3514 Amazones
688 3459 789 3514 autem
807 3475 866 3514 una
883 3477 1009 3514 mamma
1027 3456 1117 3516 luisse
1134 3460 1234 3517 crede·

103 3559 234 3629 bantur,
251 3579 253 3582 ·
268 3558 364 3616 altera
390 3558 459 3617 inde
482 3559 519 3616 ob
541 3559 667 3617 infautia
690 3565 809 3630 exusta,
839 3577 866 3616 v.
892 3557 1067 3636 Hippocrat.
1097 3583 1125 3617 π.
1149 3561 1234 3638 ἀέρων

104 3661 214 3719 aaaron
241 3661 333 3718 conor
363 3662 412 3720 24.
458 3660 555 3721 Streb.
579 3661 630 3734 XI,
657 3667 683 3733 5,
711 3663 736 3719 l.
781 3659 857 3718 Item
887 3663 918 3718 in
946 3663 1023 3720 cista
1052 3662 1235 3724 Praenestina

106 3763 254 3822 Anrauoui
276 3782 383 3822 nomen
406 3762 586 3822 adscribitur
609 3763 834 3836 OINVMAMA,
859 3783 885 3822 v.
906 3763 1037 3824 Monuni.
1058 3766 1086 3825 d.
1107 3766 1179 3826 lust.
1205 3769 1233 3827 d.

101 3865 194 3924 Corr.
218 3865 297 3924 arob.
321 3865 370 3938 Vl,
394 3864 467 3925 Tab.
493 3867 542 3925 65.
578 3865 664 3941 Corp.
689 3867 780 3926 lusor.
800 3865 864 3924 Lat.
888 3866 910 3941 l,
934 3887 963 3944 p.
986 3870 1076 3928 1501.
1098 3898 1140 3908 —
1163 3871 1234 3928 446.

108 3968 142 4028 ei
164 3967 253 4025 Both.
277 3967 355 4040 aad,
379 3967 519 4044 idemque
542 3963 667 4026 mihtin
691 3975 818 4027 mantem
841 3977 978 4043 venerat,
1014 3969 1058 4028 Fl.
1084 3972 1234 4029 licentius:

107 4069 318 4146 „Libyamque
339 4075 433 4130 totam
456 4075 486 4128 et
510 4089 625 4130 omnem
649 4070 977 4138 Conterebromiarn‘*.¹
1001 4071 1113 4130 Nomen
1138 4081 1235 4130 autem

108 4191 165 4232 cur
188 4192 206 4230 a
228 4172 411 4256 conterendo
434 4175 535 4250 potius
559 4191 647 4250 quam
671 4193 688 4230 a
710 4173 841 4232 tenebris
865 4175 986 4232 ductum
1011 4181 1157 4250 putemus,
1187 4178 1238 4233 vix

107 4277 184 4334 satie
208 4281 380 4334 causaest.
404 4305 445 4315 --
475 4277 547 4334 448.
577 4271 664 4334 intra
686 4281 756 4334 cett.
780 4275 864 4334 codd.
889 4305 931 4314 -
960 4278 1031 4336 450.
1063 4276 1135 4335 Post
1164 4292 1236 4336 eom·

104 4373 193 4440 elati
220 4378 333 4452 hiatus,
368 4397 395 4436 v.
419 4377 537 4454 Proleg.
561 4397 591 4452 p.
615 4379 686 4437 220.
739 4377 784 4438 Fl.
811 4374 891 4451 „illi“
922 4377 1061 4437 addebat.
1093 4409 1135 4418 -
1164 4381 1238 4437 451.

1000 4493 1033 4544 36
