2960 5012
60 495 108 565 1,1‚
122 497 217 550 82-42
526 495 686 550 Bacchides.

488 683 662 750 Bacchis
686 683 717 750 S.

64 791 131 868 Quid
152 792 191 858 ab
215 792 278 858 hac
301 792 442 858 metuis?

478 935 733 1000 Pistoclerus

304 1041 390 1120 Quid
412 1063 471 1124 ego
495 1051 646 1123 metuam,
668 1043 815 1125 rogitas?
844 1042 1044 1108 Adulescens
1067 1042 1165 1109 homo

63 1150 212 1216 Peuetrem
234 1171 286 1215 me
308 1150 405 1215 huius
428 1152 515 1216 medi
539 1153 574 1216 in
596 1151 808 1235 palaestram,
838 1149 896 1216 ubi
919 1151 1046 1216 damnis
1069 1151 1165 1218 desu-

760 1258 915 1338 dascitur,

64 1366 116 1430 Ubi
134 1387 190 1452 pro
212 1365 303 1434 disco
327 1367 480 1432 damnum
503 1368 640 1451 capiam,
663 1387 722 1451 pre
745 1387 881 1432 cursura
904 1366 1065 1433 dedecus?
1130 1386 1165 1438 65

489 1507 661 1573 Bacchis
684 1510 720 1573 A.

65 1615 168 1700 Lepide
190 1637 360 1682 memoras.

481 1740 736 1806 Pistoclerus

394 1849 458 1914 Ubi
481 1869 540 1932 ego
564 1851 691 1933 capiam
712 1869 773 1934 pro
797 1849 973 1915 machaera
994 1856 1166 1926 turturem,

67 1955 176 2041 Ubique
198 1959 337 2042 inponat
358 1958 392 2022 in
414 1978 544 2022 manum
567 1959 651 2022 alius
675 1957 755 2022 mihi
777 1978 837 2041 pro
856 1963 946 2022 cestu
963 1958 1165 2036 cantharum,

66 2063 116 2128 Pro
136 2067 226 2148 galea
248 2065 428 2150 scaphium,
450 2087 510 2150 pro
532 2066 653 2149 insigni
675 2067 717 2131 sit
740 2065 863 2131 corella
885 2066 1034 2149 plectilis,

68 2171 117 2237 Pro
136 2173 228 2240 hasta
249 2174 348 2255 talus,
370 2197 429 2260 pro
452 2175 555 2240 lorica
576 2175 740 2240 malacum
763 2175 891 2258 capiam
914 2173 1059 2260 pallium,

68 2278 117 2344 Ubi
142 2283 217 2348 mihi
245 2304 305 2368 pro
334 2303 418 2366 equo
446 2283 690 2368 lectusdetur,
726 2287 871 2348 scortum
898 2303 958 2366 pre
988 2287 1081 2348 scuto
1111 2283 1168 2348 ad·

763 2389 869 2456 cubet.
1135 2409 1169 2461 70

69 2495 160 2581 Apage
182 2520 201 2563 a
223 2520 285 2578 me,
308 2520 420 2582 apage.

495 2617 669 2682 Bacchis
692 2618 729 2682 A.

359 2725 417 2806 Ah,
440 2727 575 2791 nimium
597 2725 685 2790 ferus
708 2745 752 2789 ea.

485 2866 739 2932 Pistoclerus

695 2974 777 3040 Mihi
800 2995 880 3040 sum.

494 3099 670 3166 Bacchis
694 3101 729 3164 Α.

840 3205 1100 3278 Malacissandus
1123 3227 1167 3271 es.

69 3311 208 3396 Equidem
230 3317 292 3382 tibi
316 3315 356 3381 do
379 3314 464 3380 hanc
488 3336 630 3398 operam.

481 3445 739 3510 Pistoclerus

559 3554 603 3618 At
624 3553 759 3618 nimium
781 3555 928 3637 pretiosa
950 3573 984 3617 es
1007 3551 1168 3636 operaria.

493 3710 667 3776 Bacchis
690 3713 727 3775 A.

70 3813 208 3888 Simulato
231 3844 282 3888 me
306 3841 427 3887 amare.

476 3927 738 3992 Pistoclerus

335 4035 452 4102 Utrum
475 4055 534 4118 ego
556 4035 641 4100 istuc
664 4037 758 4100 iocon
782 4033 974 4099 adsimulem
998 4053 1040 4096 an
1063 4032 1168 4097 serio?

70 4185 274 4202 Ἢ

123 4289 154 4341 63
178 4289 207 4343 Ε.
225 4291 263 4346 Et
286 4291 354 4360 quid
370 4290 398 4344 Β
492 4290 577 4343 home
601 4289 762 4345 adulescens
866 4289 902 4342 64
918 4287 1069 4342 Penetrare
1087 4285 1169 4340 huius

69 4365 96 4419 70
109 4387 204 4438 praeco
246 4377 394 4434 accumbet
409 4377 445 4446 B,
466 4373 674 4431 accumbenti)
722 4377 755 4428 ¹71
773 4390 836 4428 mea
851 4390 939 4443 apage
992 4374 1024 4426 73
1042 4372 1128 4426 istum
1141 4370 1170 4424 B

947 4475 963 4526 ὅ
