2922 5006
104 503 153 574 IV,
162 507 187 572 3,
198 508 259 559 2-
267 507 294 574 4,
309 505 340 557 19
613 502 731 572 Gaptini.
1173 509 1233 570 199

105 696 146 760 Di
170 693 376 772 inmortales,
398 694 463 758 iam
485 699 521 758 ut
544 714 602 776 ego
626 693 728 758 collos
751 693 991 778 praetruncabo
1014 693 1196 776 tegoribus!

103 801 241 880 Quanta
264 803 375 886 pernis
398 803 501 885 pestis
523 801 642 880 ueniet,
667 801 905 884 quantalabes
927 801 1041 882 larido,

102 910 241 988 Quanta
266 913 385 974 surnini
409 911 598 988 absumedo,
622 916 748 992 quanta
770 909 862 974 callo.
878 909 1060 990 calamitas,

100 1020 241 1098 Quanta
263 1019 360 1083 laniis
384 1019 552 1093 lassitudo,
576 1028 700 1100 quanta
723 1017 930 1102 porcinariis!

101 1129 191 1193 Nam
218 1130 246 1191 si
271 1127 336 1191 alia
360 1148 549 1204 mentorem,
573 1147 657 1211 quae
681 1127 723 1192 ad
746 1128 870 1192 uentris
893 1127 1016 1192 uictum
1039 1127 1234 1208 conducunt,

254 1245 259 1254 '
827 1244 958 1300 morast.
1184 1253 1236 1306 900

100 1344 203 1408 Nunc
226 1343 281 1407 ibo
306 1353 342 1406 ut
365 1362 531 1425 properem
548 1345 582 1406 iu
600 1341 850 1428 praefecturam,
874 1349 911 1408 ut
928 1345 978 1408 ius
996 1343 1102 1410 dicam
1119 1343 1234 1424 larido,

100 1451 146 1516 Et
171 1472 259 1535 quae
284 1450 429 1534 pendent
445 1450 654 1516 indemnatae
674 1471 803 1534 pernae,
828 1452 874 1518 eis
892 1452 1048 1517 auxilium
1065 1457 1103 1518 ut
1119 1449 1233 1520 feram.

615 1913 740 1978 PUER.

99 2067 277 2150 Diespiter
299 2073 332 2130 te
356 2067 462 2150 dique,
487 2065 643 2150 Ergasile,
665 2067 806 2152 perdant
829 2075 862 2133 et
884 2074 1034 2132 uentrem
1055 2075 1149 2133 tuum

99 2177 344 2258 Parasitosque
368 2175 472 2242 omnis
496 2183 529 2239 et
552 2176 608 2258 qui
630 2176 770 2259 posthac
794 2197 909 2241 cenam
931 2177 1087 2259 parasitis
1111 2175 1212 2241 dabit.

98 2282 230 2348 Clades
254 2281 501 2364 calamitasque,
525 2285 734 2367 intemperies
758 2285 854 2350 modo
876 2286 909 2348 in
932 2291 1078 2350 nostram
1102 2285 1236 2349 aduenit

829 2393 968 2458 domum.
1185 2409 1235 2462 905

99 2501 214 2580 Quasi
237 2500 336 2583 lupus
359 2501 513 2580 esuriens,
538 2500 647 2578 metui,
671 2521 712 2565 ne
735 2501 767 2564 in
791 2520 842 2565 me
865 2499 988 2566 laceret
1010 2502 1166 2585 inpetum.

103 2609 175 2675 Ubi
199 2608 292 2672 nolui
316 2608 364 2672 illi
386 2627 502 2672 morem
523 2626 638 2688 ¹cerere,
662 2608 707 2672 ibi
730 2628 765 2672 os
785 2609 941 2689 pandebat
962 2609 1136 2689 irgirobum,

100 2717 284 2798 Nimisque
307 2715 416 2780 hercle
440 2735 500 2798 ogo
523 2715 617 2780 illum
639 2715 723 2782 male
746 2715 978 2797 formidabam
1000 2720 1049 2782 ita
1065 2717 1238 2782 frendebat

831 2824 991 2890 dentibus.

101 2933 300 2998 Adueniens
325 2931 516 2997 deturbauit
538 2938 646 2998 totum
669 2953 742 2998 cum
765 2934 854 2998 carni
878 2935 1076 3013 carnarium3

102 3041 261 3124 Arripuit
272 3040 427 3122 gladium,
451 3041 699 3123 praetruncauit
717 3040 823 3106 tribus
841 3042 1008 3124 tegoribus
1025 3042 1167 3125 glandia.
1187 3059 1239 3112 910

102 3151 213 3216 Aulas
238 3149 423 3230 calicesque
448 3149 551 3212 omnis
574 3149 744 3231 confregit,
768 3150 832 3214 nisi
850 3171 935 3232 quae
952 3149 1109 3214 modiales
1128 3157 1235 3230 erant3

101 3259 236 3324 Cocum
261 3255 527 3339 percontabatur,
550 3262 725 3340 possentne
749 3258 852 3321 seriae
874 3257 1067 3322 feruesoere.

102 3365 223 3432 Cellas
246 3364 380 3446 refregit
403 3365 507 3430 omnis
530 3365 621 3430 intus
644 3365 845 3446 reclusitque
868 3365 1055 3430 armarium.

102 3475 297 3540 Adseruate
314 3473 421 3537 istunc
439 3473 544 3552 sultis,
562 3473 666 3552 serui,
690 3493 749 3556 ego
767 3472 831 3552 ibo,
850 3480 886 3538 ut
906 3475 1099 3538 conueniam
1111 3495 1232 3554 senem;

102 3585 227 3649 Dicam
242 3589 278 3646 ut
291 3580 352 3644 sibi
366 3601 484 3664 penum
497 3581 590 3646 aliud
602 3587 705 3658 ornet,
724 3581 752 3646 si
769 3581 902 3665 quidem
920 3601 990 3645 sese
1003 3583 1051 3646 uti
1063 3581 1168 3661 uolet3
1187 3597 1237 3652 910

102 3691 195 3756 Nam
219 3689 291 3768 doc,
326 3688 378 3755 hic
407 3689 538 3772 quidem
566 3697 604 3755 ut
632 3689 789 3770 adornat,
824 3696 883 3754 aut
909 3691 975 3754 ianr
1003 3690 1085 3756 nihil
1108 3697 1156 3755 est
1179 3697 1237 3754 aut

830 3799 895 3864 iam
916 3797 998 3862 nihil
1021 3799 1092 3864 erit.

128 4053 342 4066 -d-——-—-—

177 4140 230 4194 896
249 4135 422 4206 tergoribus
469 4142 520 4195 898
538 4139 710 4200 absumendo
764 4141 835 4195 collo
897 4139 947 4194 899
964 4139 1125 4208 portinariis
1186 4142 1234 4193 901

104 4229 153 4281 ibo
174 4231 207 4280 ut
225 4223 414 4294 prefecturam
434 4231 462 4278 et
479 4226 522 4279 ius
541 4227 568 4280 B
627 4227 678 4280 902
697 4226 846 4282 indenata
903 4229 954 4280 904
971 4225 1125 4295 posthanc
1186 4227 1236 4280 905

103 4311 202 4366 Cladis
274 4311 325 4364 907
343 4310 418 4365 abest
435 4329 454 4365 c
471 4312 497 4366 B
556 4313 608 4367 909
626 4329 710 4367 carne
771 4315 822 4368 910
839 4313 997 4382 tergoribus
1016 4311 1043 4364 B
1103 4313 1152 4365 911
1172 4328 1237 4367 oon·

101 4397 206 4468 iringit
260 4399 311 4449 916
329 4395 383 4449 hoc
402 4413 450 4452 ota.
