2916 5006
260 477 322 538 426
731 467 893 522 Bacchides.

259 664 355 726 (lucil.
379 684 425 740 ap.
450 663 543 724 Cicer.
568 663 638 722 Lael.
664 664 712 737 86,
736 665 785 722 89.
831 662 1003 723 Similitudo
1026 682 1044 720 a
1066 661 1169 738 coquis
1192 663 1300 739 petita,
1329 663 1376 738 qni
1448 727 1449 732 .

258 787 324 845 quaa
347 771 486 826 assantur
513 785 587 826 veru
615 770 745 824 versent
768 795 810 806 -
840 768 911 826 768.
945 766 1049 824 Manat
1075 767 1108 822 in
1135 783 1168 822 re
1197 767 1375 840 coquinaria.
1448 769 1449 774 ’

256 867 387 948 frictum
399 865 478 930 citer
488 889 524 928 ax
535 868 639 928 Horat
652 868 687 928 A.
697 867 729 928 P.
745 869 804 927 249
819 873 929 942 notum,
947 869 1067 940 ,frictas
1079 863 1187 926 nuces“
1202 867 1294 925 Poen.
1309 868 1375 924 323.

343 973 414 1030 766.
449 970 610 1032 Nicobulus
637 974 714 1042 exit,
748 976 782 1028 ut
810 972 905 1028 voluit
927 969 1100 1046 Chrysalus,
1136 971 1164 1028 ei
1190 969 1376 1028 vehementer

254 1076 360 1134 iratus.
411 1087 542 1151 magartae
564 1072 691 1148 Pylades
720 1073 861 1132 restituit.
913 1068 1064 1144 diuidiae,
1100 1071 1287 1146 agritudini,
1322 1090 1375 1147 qua

255 1178 370 1236 animus
393 1177 478 1253 quasi
505 1179 536 1234 in
567 1175 697 1233 diversae
720 1181 822 1252 partes
844 1175 989 1248 trahitur,
1020 1177 1056 1235 cl.
1079 1173 1158 1234 iufra
1184 1175 1275 1233 1030.
1315 1172 1373 1231 Ges.

151 1265 154 1270 ’
258 1279 327 1338 rsa
372 1279 464 1338 Mero.
496 1279 567 1338 oro.
613 1276 703 1337 aaron.
734 1279 784 1336 aa.
829 1277 1122 1337 rm0u1.ale.-
1158 1279 1230 1336 ιιι).
1265 1271 1373 1352 Atque,

181 1442 185 1452 ,
254 1380 314 1442 vid.
344 1379 381 1438 ad
409 1379 516 1456 Amph.
545 1379 617 1440 948.
673 1373 857 1456 Olrysolast
884 1379 962 1440 Cam.
994 1409 1031 1420 -
1070 1381 1142 1438 773.
1176 1379 1213 1437 at
1241 1377 1372 1438 Bentleio

254 1482 398 1542 suadente
415 1481 666 1554 delevitRitsoh.;
689 1487 752 1540 tum
771 1481 809 1540 ad
826 1482 1086 1559 redintegrandam
1105 1483 1271 1540 orationem
1288 1481 1372 1538 telem

256 1585 435 1644 versiculum
458 1589 528 1663 post
552 1587 613 1644 775
637 1584 782 1643 excidisse
804 1586 942 1662 putavit:
969 1584 1127 1659 „Profecto
1150 1603 1210 1642 non
1233 1603 1312 1642 nunc
1332 1601 1372 1640 me

253 1705 360 1763 operae
393 1707 551 1765 parsurum
585 1683 699 1746 meao“.
756 1686 813 1746 Sed
847 1707 901 1746 neo
934 1690 1094 1765 repetitum
1128 1687 1165 1746 ut
1196 1687 1260 1745 ullo
1292 1683 1371 1744 modo

253 1789 389 1863 offendit,
413 1790 474 1850 vid.
493 1789 529 1848 ad
547 1790 615 1849 Aul.
636 1792 707 1862 785,
732 1793 770 1862 et,
795 1794 830 1846 ut
851 1790 889 1848 ad
911 1789 1018 1867 Amph.
1044 1791 1103 1849 886
1128 1788 1295 1862 docuimus,
1316 1789 1371 1846 hac

253 1893 401 1970 particula
422 1897 492 1970 post
514 1892 633 1964 iurandi
656 1891 780 1951 verbnm
802 1911 858 1969 per
880 1892 998 1970 ellipsin
1016 1891 1164 1968 quandam
1181 1892 1312 1968 ponitur,
1333 1893 1371 1948 ita

252 1999 288 2054 ut
309 1993 363 2054 'nos
384 1995 611 2072 interpretando
639 1994 764 2053 reddere
791 2014 851 2054 non
873 1995 1029 2072 possimus.
1051 2023 1086 2034 -
1117 1997 1188 2053 776.
1213 1987 1368 2062 Ferralru,

249 2097 330 2156 ferro
363 2100 489 2157 vinctus.
525 2127 562 2140 -
600 2099 670 2156 778.
711 2089 821 2170 Sacer,
862 2097 1005 2156 scelestus
1037 2105 1069 2155 et
1101 2096 1303 2168 detestabilis,
1340 2103 1369 2152 nt

250 2203 293 2259 ait
320 2199 433 2260 Nonius
466 2219 498 2276 p.
528 2202 603 2272 397,
633 2200 698 2258 coll.
727 2199 842 2276 Turpil.
872 2219 900 2258 v.
931 2203 987 2259 25:
1026 2219 1178 2276 „pessume
1212 2219 1247 2257 ac
1281 2217 1368 2256 sacer·
1449 2267 1450 2276 χ

250 2299 366 2362 rume“.
411 2302 501 2361 Poen.
527 2305 584 2362 89:
622 2302 865 2375 „homini—si
893 2303 961 2361 leno
990 2302 1143 2360 esthomo
1167 2307 1368 2378 -quantum
1449 2307 1450 2336 ³

247 2405 396 2464 hominnm
414 2410 495 2463 terra
511 2407 647 2476 sustinet,
671 2403 873 2464 sacerrumo“.
909 2404 976 2464 add.
995 2405 1083 2464 Most.
1105 2407 1177 2464 967.
1212 2403 1289 2461 Rud.
1306 2403 1366 2460 lte.
1449 2437 1450 2450 .

249 2537 292 2548 -
316 2501 429 2582 Specta
449 2522 525 2579 rem,
549 2507 585 2566 of.
609 2507 675 2565 Ter.
700 2507 807 2566 Heaut.
834 2509 929 2568 1023:
957 2528 1037 2580 ‚,rem
1061 2527 1151 2584 quum
1174 2505 1286 2574 uideas,
1311 2523 1367 2562 oen·
1449 2487 1450 2500 ³

251 2605 348 2670 seas“.
376 2637 420 2649 —
449 2611 520 2669 780.
553 2605 677 2668 nullum
704 2609 805 2668 Herm.
829 2609 864 2669 R.
890 2609 935 2669 Fl.
960 2609 1155 2682 addiderunt,
1191 2627 1283 2686 quum
1305 2605 1368 2665 olim

251 2711 435 2770 intellectum
459 2716 536 2770 esset
559 2712 746 2788 negationem
769 2711 941 2772 desiderari.
959 2739 1002 2752 -
1019 2713 1090 2771 782.
1114 2706 1173 2770 has
1191 2711 1238 2770 Fl.
1257 2709 1368 2768 Miller.

252 2812 394 2872 Schmidt.
418 2832 504 2889 pron.
529 2813 673 2872 demonst.
703 2832 732 2891 p.
758 2815 807 2872 25.
852 2813 887 2873 R.
919 2813 1024 2888 „hasce
1055 2811 1193 2872 tabulas⁴⁴
1231 2811 1368 2870 ediderat.

251 2946 293 2955 -
327 2917 399 2974 784.
434 2909 702 2994 Nosccsipaum
737 2917 797 2975 vid.
829 2915 867 2975 ad
895 2916 1001 2993 Amph.
1027 2917 1098 2975 780.
1133 2915 1213 2973 infra
1236 2917 1308 2975 981.
1334 2941 1370 2952 ·-

251 3048 293 3058 -
322 3019 394 3078 786.
424 3011 497 3078 Scio
525 3020 635 3077 iniuria
662 3024 831 3096 suspectum
854 3019 957 3078 Brixio
980 3019 1057 3078 Anu.
1080 3018 1154 3095 phil.
1179 3017 1234 3090 cl,
1264 3038 1293 3094 p.
1317 3017 1368 3074 768

252 3141 306 3198 aq„
330 3121 382 3197 qui
407 3115 508 3193 „Nisi“
533 3121 661 3180 volebat.
684 3149 728 3162 ···
756 3123 816 3179 787
840 3141 884 3199 aq.
914 3121 990 3180 Dum
1013 3121 1102 3180 harus
1121 3121 1281 3198 epistolam
1297 3120 1369 3193 legit,

254 3224 415 3299 Chrysalus
437 3243 535 3284 secum
559 3223 683 3298 gaudet,
718 3224 798 3300 quod
825 3225 885 3282 iam
914 3229 1017 3300 captus
1046 3226 1096 3284 sit.
1142 3222 1252 3282 Dolum
1282 3227 1371 3280 autem

251 3347 337 3386 suum
371 3347 434 3385 cum
470 3325 640 3386 ιναιιςθιιιια
672 3329 796 3403 aucupis
827 3331 990 3402 comparat.
1046 3327 1087 3386 Is·
1108 3327 1235 3403 laqueus
1265 3331 1310 3384 est
1334 3325 1370 3380 ita

151 3471 154 3479 .
253 3435 456 3505 comparatus,
496 3434 532 3487 ut
570 3449 661 3506 quum
699 3428 806 3487 turdus
846 3429 943 3487 cibum
982 3429 1024 3488 ibi
1063 3431 1196 3507 positum
1235 3427 1369 3505 tetigerit,

253 3534 355 3591 statim
384 3535 488 3607 captus
517 3532 660 3608 pendeat,
696 3530 732 3590 of.
761 3531 843 3590 Pers.
879 3533 956 3590 481:
1005 3531 1109 3603 „Hunc
1143 3531 1293 3589 hominem
1324 3545 1369 3603 ogo

253 3633 342 3692 hodia
370 3635 401 3690 in
428 3636 620 3692 transennam
650 3633 747 3692 doctis
772 3633 915 3708 deducam
938 3629 1045 3692 dolis“.
1090 3632 1166 3692 Rud.
1195 3635 1276 3692 1235
1299 3651 1369 3707 sqq:

258 3737 306 3808 „in
330 3740 428 3794 aetate
451 3735 601 3794 hominum
625 3737 771 3812 plurimae
793 3736 886 3794 Fiunt
908 3741 1095 3810 transennae,
1118 3737 1169 3796 ubi
1194 3735 1370 3812 decipiuntur

255 3838 341 3898 dolis.
387 3839 486 3915 Atque
510 3837 616 3915 edepol
638 3845 669 3898 in
692 3860 741 3898 eas
763 3840 940 3917 plerumque
963 3859 1030 3897 esca
1047 3840 1213 3914 inponitur,
1239 3838 1328 3909 Quam
1348 3836 1368 3890 si

255 3943 321 4018 quis
344 3939 449 4000 auidus
471 3943 569 4018 poscit
592 3961 688 4000 escam
713 3944 859 4015 auariter,
889 3941 1044 4018 Decipitur
1071 3943 1103 3998 in
1125 3945 1288 3999 transenna
1309 3955 1367 3995 ana·

254 4045 324 4102 ritia
345 4041 431 4104 sua“.
477 4043 615 4103 Ceterum
638 4045 769 4102 Plautini
792 4044 877 4104 codd.
902 4044 1013 4119 ubique
1042 4043 1167 4102 formam
1202 4035 1365 4115 „unauna

255 4146 387 4222 praebero
415 4147 569 4220 videntur,
608 4143 804 4220 ,transenna“
834 4147 949 4205 Nonius
982 4147 1134 4222 ceterique
1164 4150 1307 4203 auctores.
1333 4167 1367 4182 ···

256 4241 425 4309 lumbricus
458 4245 509 4322 (cf.
534 4249 600 4307 Aul.
626 4243 701 4324 620)
736 4251 844 4307 vermis
879 4255 924 4306 est
957 4267 1012 4326 pro
1046 4248 1112 4308 cibo
1146 4249 1306 4324 appositus.
1332 4269 1366 4282 ·-

260 4345 399 4421 „Tenaa“
433 4352 475 4410 ait
503 4351 618 4410 Nonius
646 4371 674 4427 p.
706 4353 723 4410 6
759 4357 823 4424 „est
855 4351 994 4428 laqueus,
1029 4349 1125 4408 dictus
1153 4370 1171 4408 a
1199 4339 1364 4412 tendicula“‚
