2956 5010
558 497 583 553 v
610 499 754 552 macer.
1155 503 1218 564 547

96 697 168 754 Nam
191 696 300 771 grandi
317 695 390 752 lieni
408 696 505 752 minus
523 701 593 752 sunt
611 701 681 769 apta
698 693 804 752 dulcia.
817 720 860 732 -·-
877 691 1015 752 Ceterum
1034 693 1104 752 huic
1122 693 1223 752 versui

94 802 124 857 in
147 801 282 874 margine
305 799 370 856 cod.
396 796 419 854 B
442 796 655 855 adscribuntur
676 797 797 854 minima
820 801 906 873 apte:
1220 772 1222 776 ’

385 899 484 956 album
509 919 545 957 an
568 905 665 957 atrum
688 903 792 959 uinum
814 905 903 976 potas

388 1003 460 1078 quid
484 1002 540 1060 tibi
564 1003 680 1080 quesito
704 1021 779 1078 opus
803 1007 856 1075 est,

96 1127 223 1183 quornm
245 1109 349 1183 priora
373 1109 478 1162 extant
500 1105 579 1163 Men.
605 1107 675 1166 900.
711 1133 748 1146 -··
776 1105 847 1163 244.
877 1099 1044 1164 decenam
1065 1101 1223 1174 Cameren,

95 1210 156 1268 vid.
177 1209 224 1268 ad.
242 1209 349 1268 Bacch.
372 1211 442 1266 577.
478 1209 557 1265 Ante
581 1226 647 1264 eum
671 1227 706 1264 ex
729 1206 814 1265 codd.
833 1206 906 1266 dett.
929 1199 1120 1282 ,dirruptus“
1145 1205 1223 1282 lege-

95 1313 194 1371 batur.
217 1341 259 1352 -—
282 1305 418 1369 Ambala
441 1310 579 1384 ambigue
597 1309 716 1380 dicitur,
740 1314 856 1367 namet
876 1305 962 1381 ,‚abi“
983 1305 1138 1384 significat,
1162 1307 1223 1365 vid.

95 1414 133 1472 ad
155 1414 240 1472 Asin.
267 1415 336 1471 107.
381 1411 463 1471 Pers.
489 1414 559 1471 251.
586 1413 663 1482 748,
693 1417 723 1469 et
750 1412 863 1470 lienoso
891 1416 971 1469 recte
993 1409 1224 1468 ambulationem

96 1515 305 1576 commendare
324 1517 434 1591 potuit,
459 1533 535 1587 nam,
559 1519 594 1572 ut
613 1515 655 1572 ait
674 1512 776 1572 Celsus
795 1513 843 1585 lv,
870 1516 898 1585 9,
924 1513 999 1588 „hcc
1016 1515 1122 1572 vitium
1141 1514 1226 1590 quies

96 1623 203 1694 auget,
226 1620 329 1694 itaque
353 1617 564 1674 exercitatione
589 1621 620 1674 et
642 1617 745 1674 labore
768 1635 841 1692 opus
865 1611 941 1675 est“.
962 1645 1004 1656 —
1027 1617 1098 1675 245.
1121 1609 1226 1689 Auser

96 1735 215 1799 quaeso
243 1717 306 1780 isia
333 1719 421 1778 Both.
452 1739 506 1778 em.
539 1719 762 1778 Cavillaticnem
799 1726 829 1776 et
861 1722 952 1776 risum
987 1737 1053 1776 eum
1084 1719 1225 1775 omittere

95 1824 196 1894 iubet,
227 1823 263 1882 cf.
287 1823 354 1881 Aul.
380 1823 440 1881 630
471 1842 535 1879 cum
566 1825 667 1880 annot.
698 1849 739 1860 —
770 1821 841 1879 246.
876 1817 1085 1901 coniecturum
1112 1814 1225 1893 facere,

97 1928 254 1998 coniicare,
274 1926 468 2002 interpretari
481 1926 626 1982 somnium
640 1943 746 1982 meum.
763 1951 806 1962 -
825 1925 896 1982 248.
919 1918 969 1982 hic
988 1917 1086 1994 hom0,
1105 1939 1169 1996 ego,
1188 1921 1224 1980 cf.

97 2029 134 2088 ad
147 2028 237 2106 Capt.
252 2029 322 2086 334.
340 2055 381 2066 -
401 2021 511 2100 „Scire
529 2022 701 2086 dicauitus“
724 2027 768 2082 ait
779 2024 908 2084 Gronov.
925 2031 988 2096 ,est
1004 2025 1110 2082 callere
1131 2029 1225 2082 artem

97 2130 266 2190 divinandi.
300 2129 483 2206 Intelligitur
507 2134 607 2188 autem
630 2127 752 2187 verbum
769 2123 857 2201 iari“;
882 2128 996 2187 confert
1012 2127 1102 2201 vulgo
1121 2131 1226 2185 notum

96 2233 177 2292 illud
203 2229 346 2307 ,Latine“
379 2239 431 2290 aut
463 2231 585 2304 „Graece
608 2227 713 2302 scire“,
743 2230 889 2290 Uarronis
921 2230 1046 2302 ,docere
1073 2225 1225 2301 tolutim“,

97 2336 210 2395 Lucilii
238 2337 389 2410 „incipere
406 2331 557 2394 tolutim“.
595 2333 673 2392 Add.
692 2333 758 2393 Tar.
776 2333 853 2392 Eun.
875 2334 950 2391 133:
977 2331 1103 2405 ,fidibus
1121 2328 1225 2391 acire“.

189 2439 260 2495 251.
284 2437 356 2495 Exit
377 2455 488 2514 coquus
510 2455 599 2495 mora
621 2438 790 2514 impatiens.
818 2465 861 2474 —
889 2436 960 2493 253.
988 2430 1109 2508 ueniat,
1138 2455 1165 2493 r.
1189 2434 1227 2492 ad

97 2542 169 2600 Aul.
196 2542 267 2599 270.
291 2570 332 2579 —
361 2539 435 2598 Post
456 2539 486 2596 h.
509 2559 585 2596 vera.
610 2538 692 2598 Brix.
715 2539 823 2597 Annal.
846 2537 951 2614 philol.
975 2536 1027 2610 cl,
1058 2539 1119 2594 764
1149 2537 1228 2594 exci-

97 2645 180 2702 disse
202 2647 292 2718 putat
314 2661 431 2700 versum
455 2641 615 2700 eiusmodi:
654 2641 729 2713 „00.
760 2641 853 2700 Immo
883 2659 937 2718 ego
965 2641 1126 2712 coniciam
1160 2657 1229 2696 nam

97 2749 254 2806 coniector
283 2763 347 2802 sum
371 2739 547 2821 optumus“;
582 2743 662 2819 qnod
691 2763 750 2801 non
778 2744 977 2802 necessarium
1007 2741 1080 2800 mihi
1109 2740 1230 2816 quidem

96 2849 229 2908 videtur.
256 2877 295 2886 -
319 2849 390 2905 255.
414 2839 483 2923 Aqe
505 2845 546 2916 tu,
569 2847 670 2904 lenoni
693 2847 842 2905 dicuntur.
866 2875 908 2885 -
932 2847 1003 2903 257.
1026 2844 1063 2903 ut
1085 2840 1144 2917 dei,
1168 2845 1188 2902 i.
1202 2864 1228 2898 e.

96 2949 188 3010 modo
212 2949 273 3020 det,
298 2968 363 3024 quae
386 2949 536 3024 particula
560 2947 683 3006 additur
702 2948 784 3006 Pers.
804 2949 881 3005 574:
909 2947 1018 3019 „Modo
1040 2948 1085 3004 uti
1108 2935 1244 3004 sciam“.'

97 3055 168 3112 Ter.
193 3051 285 3109 Andr.
311 3053 387 3109 409:
415 3049 524 3124 „Modo
546 3056 580 3107 nt
602 3047 744 3126 possim“.
780 3049 887 3108 Heaut.
908 3050 984 3106 617:
1019 3049 1077 3120 ,At
1099 3053 1134 3105 ut
1155 3047 1230 3104 satis

97 3154 304 3230 contemplatu
321 3153 410 3212 modo
429 3151 499 3211 sis“.
533 3152 568 3210 In
580 3151 673 3211 Andr.
688 3153 765 3211 277:
793 3151 869 3224 „Sed
887 3158 921 3210 ut
939 3152 1000 3209 uim
1019 3169 1110 3227 queas
1130 3143 1227 3206 terre“

96 3258 166 3316 fieri
185 3261 285 3332 potest
303 3261 336 3313 ut
353 3257 522 3314 coniunctio
540 3275 576 3312 ex
593 3254 780 3314 antecedenti
795 3251 930 3328 „metu0“
946 3252 1085 3330 pendeat.
1098 3279 1140 3292 -
1157 3252 1229 3310 258.

96 3361 175 3420 Post
185 3354 336 3434 mayistro
347 3357 456 3430 hiatus,
469 3377 497 3416 v.
511 3357 627 3432 Proleg.
640 3378 669 3434 p.
685 3359 755 3416 220.
784 3357 896 3415 Gamer.
913 3352 1002 3430 „ano“
1019 3353 1097 3427 add.;
1110 3352 1229 3410 muller.

99 3458 298 3538 „obediene“.
334 3461 415 3518 Brix.
439 3461 515 3518 Anu.
538 3460 612 3537 phil.
633 3459 678 3533 CI,
704 3461 764 3517 765
792 3453 1013 3535 ,magisteric“,
1036 3476 1142 3534 parum
1164 3455 1230 3512 iali-

97 3570 188 3625 citer.
212 3593 256 3602 -
279 3565 350 3621 259.
380 3557 519 3621 Tametsi
539 3579 604 3622 nou
625 3558 716 3636 noui,
741 3581 780 3620 so.
804 3567 853 3633 te;
881 3561 993 3634 ignotis
1015 3578 1136 3636 operam
1158 3557 1230 3616 dara

96 3687 160 3726 non
184 3665 323 3724 solemus.
346 3694 390 3706 -
418 3667 489 3724 260.
524 3661 653 3739 luerim,
684 3669 703 3724 i.
728 3684 753 3723 e.
778 3663 894 3735 videre,
923 3661 1087 3721 Lambinus
1110 3680 1166 3719 em.
1189 3687 1231 3698 -

98 3771 175 3829 263.
207 3761 324 3840 Visuat,
342 3787 364 3826 e.
383 3768 467 3824 uisus
486 3773 540 3840 est,
561 3767 662 3840 codd,
684 3766 854 3825 Acidaliae:
882 3761 1058 3838 „uisumst“,
1082 3768 1116 3821 ut
1135 3763 1232 3820 oratio

97 3873 200 3930 minus
223 3870 398 3946 confragosa
421 3871 477 3942 sit3
501 3870 595 3926 secuti
618 3876 688 3928 sunt
711 3869 798 3928 Both.
823 3873 852 3926 et
874 3867 921 3926 Fl.
966 3865 997 3924 Si
1020 3865 1092 3943 quid
1115 3869 1231 3921 mutan-

97 3975 172 4032 dum
191 3978 246 4046 est,
268 3973 369 4029 malim
389 3987 458 4030 evan
475 3969 583 4029 delere.
602 3999 645 4010 -
663 3967 792 4042 scilicet,
815 3969 1140 4030 6566161286-
1159 3966 1230 4024 265.

97 4070 190 4148 nihil,
214 4076 233 4132 i.
248 4093 272 4134 e.
291 4093 360 4146 non,
378 4094 406 4132 v.
419 4073 457 4131 ed
475 4073 558 4131 Asin.
573 4075 644 4132 924.
679 4067 724 4132 eii
741 4079 810 4132 cett.
823 4071 910 4131 codd.
927 4101 970 4112 —
990 4071 1062 4128 267.
1085 4068 1158 4127 Post
1178 4063 1233 4125 tibi·

97 4181 211 4249 hiatus,
228 4197 256 4234 v.
269 4177 387 4252 Proleg.
406 4195 435 4252 p.
450 4175 521 4234 224.
557 4175 683 4252 Antiqui
701 4175 768 4233 edd.
785 4175 870 4248 ,Tibi
888 4171 977 4251 qui“;
1001 4173 1059 4230 alia
1076 4174 1233 4230 tentarunt

98 4281 147 4341 Fl.
161 4287 193 4338 et
205 4279 325 4338 Mulier.
348 4277 470 4337 Prosod.
483 4297 513 4355 p.
528 4279 598 4336 350.
611 4307 655 4316 -
666 4272 786 4338 cumdio
798 4295 865 4335 cum
876 4280 946 4334 cett.
960 4275 1048 4334 codd.
1057 4279 1088 4332 et
1100 4274 1233 4350 antiquis

99 4383 170 4444 edd.
196 4383 319 4460 scripsi,
352 4381 388 4440 cf.
412 4379 518 4438 Bacch.
543 4381 622 4452 942,
656 4399 724 4438 nam
751 4377 905 4454 „Iuppiter
927 4377 1070 4434 auxilium
1091 4369 1179 4446 fuid,
1208 4375 1233 4432 si

977 4490 1027 4542 35*
