2932 5010
259 527 321 588 360
742 520 891 574 Aulularia.

258 739 336 778 nnnc
357 715 486 776 uicissim
509 719 543 773 nt
565 716 622 772 alio
643 721 731 791 pacto
755 709 920 774 condiam“.
954 715 1060 775 Pseud.
1076 718 1149 774 585:
1179 721 1240 789 „ut‚
1267 713 1369 792 ubique

258 841 324 880 cnm
352 815 486 877 hostibus
514 818 701 895 congrediar,
810 817 895 876 facile
923 823 958 875 ut
983 815 1130 877 uincam“.
1175 817 1253 878 Rud.
1279 819 1367 876 1256:

261 925 350 998 „deos
372 943 497 1002 quaeso,
524 926 559 980 nt
581 920 725 997 quidquid
748 921 778 978 in
801 921 853 979 illo
875 919 978 978 nidulo
1001 927 1060 992 est,
1093 967 1126 980 ..
1148 967 1155 980 .
1179 941 1267 980 omne
1288 920 1318 978 id
1338 925 1370 978 ut

257 1025 310 1086 fiat
337 1023 441 1084 cinis“.
492 1025 558 1084 Ter.
586 1023 704 1082 Phorm.
737 1025 795 1082 153
824 1043 867 1100 sq.
918 1021 961 1081 cf.
989 1025 1077 1080 etiam
1105 1023 1186 1082 Trin.
1220 1024 1366 1082 141-44.

256 1129 358 1192 Madv.
377 1127 436 1188 Cic.
454 1127 519 1186 Fin.
538 1126 590 1199 ΙΙΙ,
618 1128 665 1198 13,
688 1127 739 1184 43.
758 1155 799 1166 -
822 1120 913 1204 lupas,
935 1143 995 1184 non
1017 1125 1121 1204 populi
1143 1125 1299 1202 suffragiis,
1321 1125 1368 1182 sed

258 1232 404 1290 communi
426 1231 575 1288 hominum
598 1229 745 1287 sententia
761 1234 887 1287 sanctas.
908 1257 945 1268 -
966 1221 1069 1286 iubent
1085 1227 1156 1286 olim
1176 1227 1368 1286 emendatum.
1443 1299 1444 1310 χ

255 1335 381 1393 -787,
405 1328 517 1407 fecisse
536 1326 631 1406 filiae,
655 1331 710 1390 hoc
733 1331 838 1390 ordine
860 1331 937 1403 edd,
961 1333 1111 1390 contrario
1130 1329 1215 1388 codd.
1238 1359 1281 1370 --
1303 1331 1367 1388 788.
1443 1359 1444 1386 ;

262 1429 387 1496 Cereris
397 1429 526 1512 uiya'lic'8,
547 1434 784 1493 cuso-³189.
800 1433 919 1492 Mutato
937 1433 1056 1492 ordine:
1072 1432 1176 1506 „Quod
1194 1451 1249 1509 ego
1262 1433 1369 1490 facinus

257 1538 345 1597 sudio
358 1558 393 1596 ex
405 1535 465 1609 te“,
484 1543 519 1596 nt
529 1557 557 1596 v.
571 1538 641 1608 814,
659 1535 804 1612 Seyffert,
822 1535 906 1594 Stud.
920 1555 949 1612 p.
963 1538 991 1595 9.
1007 1565 1046 1576 -
1059 1537 1129 1595 790.
1147 1530 1242 1610 filiae,
1261 1555 1288 1593 v.
1302 1535 1367 1592 987.

257 1671 299 1681 -
322 1641 392 1700 791.
411 1655 574 1699 numerurm
593 1655 676 1716 cape.
715 1638 829 1697 Nonius
846 1659 875 1716 p.
890 1640 951 1698 254
968 1637 1031 1696 hnc
1048 1637 1134 1696 affert
1151 1658 1175 1696 s.
1189 1657 1217 1696 v.
1234 1636 1367 1713 „Capera

257 1739 419 1820 accipere“‚
442 1741 525 1800 Idem
536 1741 625 1818 paulo
636 1733 716 1818 post:
750 1740 888 1819 „Capera
901 1739 1043 1799 invenire.
1066 1739 1133 1799 Ter.
1146 1739 1254 1798 Heant.
1270 1735 1367 1812 (sech

256 1845 328 1922 Cepi
350 1847 510 1916 rationem,
540 1849 692 1921 utusque
714 1863 815 1921 egeres
836 1863 933 1919 neque
954 1847 990 1901 nt
1012 1842 1075 1902 hac
1097 1863 1200 1920 posses
1217 1839 1367 1918 perdere“.
1444 1909 1445 1920 ἶ

256 1947 299 2007 (li.
317 1947 425 2006 Pseud.
438 1949 514 2006 600:
540 1946 601 2020 „Ut
623 1965 677 2024 ego
699 1947 793 2006 oculis
815 1947 959 2004 rationem
982 1943 1098 2022 capio“.
1115 1974 1159 1985 -
1176 1947 1249 2004 793.
1272 1939 1297 2004 Ι
1307 1945 1369 2002 ίιιΒ

255 2049 420 2122 exciderat3
454 2048 571 2108 addidit
592 2049 687 2107 alters
708 2069 821 2108 manus.
877 2046 1012 2106 Servavit
1033 2047 1202 2108 Priscianus
1225 2047 1249 2120 1,
1276 2049 1311 2107 51
1335 2046 1367 2104 de

255 2169 291 2215 ae
313 2152 512 2231 diphthongo:
540 2153 666 2224 „transit
688 2153 719 2209 in
740 2148 963 2228 ipsemecum,
985 2155 1020 2208 ut
1041 2169 1152 2226 quaero
1174 2151 1302 2227 inquiro,
1324 2171 1367 2208 ex·

255 2257 350 2333 quiro,
374 2257 509 2333 quamvis
531 2273 679 2331 exquaero
701 2254 825 2312 Plautus
847 2253 923 2311 dixit
944 2254 975 2312 in
992 2253 1159 2312 Aulularia:
1183 2253 1302 2324 Iintro,
1325 2271 1368 2310 ex-

255 2377 364 2436 qneere
393 2354 481 2415 cett.“
538 2355 672 2414 Eandem
705 2356 837 2415 vocalem
872 2355 1007 2432 prebent
1035 2356 1140 2432 optimi
1169 2355 1241 2413 libri
1269 2354 1367 2413 Bacch.

255 2459 326 2519 718.
372 2459 456 2535 (lapt.
481 2461 552 2518 292.
597 2457 669 2517 (list.
695 2459 765 2518 599.
799 2457 891 2517 Marc.
916 2458 987 2516 624.
1032 2457 1140 2517 Pseud.
1163 2458 1236 2517 450.
1281 2457 1367 2516 Stich.

229 2557 232 2564 ’
258 2563 327 2620 lll.
384 2561 418 2618 ln
451 2561 579 2620 miliario
615 2560 771 2640 Popiliano
808 2554 910 2638 (Oorp.
939 2560 1031 2620 lnacr.
1061 2559 1128 2619 Lat.
1156 2559 1185 2631 I,
1218 2554 1293 2636 551)
1327 2564 1367 2617 ost

258 2659 509 2740 „conquaeisiui“.
540 2691 577 2704 -
611 2664 681 2722 795.
716 2659 792 2740 quid
819 2657 913 2722 huius
939 2659 1010 2722 ucat
1036 2659 1082 2722 cil
1109 2668 1281 2739 corruptum
1310 2667 1367 2720 est:

254 2765 411 2825 dicandum
430 2769 494 2822 erat
511 2770 563 2823 snt
583 2765 673 2842 „quid
695 2766 783 2823 huius
805 2785 910 2824 nomm
932 2763 1000 2838 sit“‚
1025 2771 1060 2823 nt
1082 2765 1169 2824 Both.
1194 2765 1297 2834 voluit,
1320 2769 1367 2822 ant

258 2869 348 2946 „quid
370 2868 419 2926 hic
446 2865 489 2940 (in
510 2868 565 2926 hac
587 2863 632 2940 re)
661 2869 726 2925 nori
748 2866 818 2940 sit“,
846 2874 881 2927 ut
908 2868 976 2927 Ter.
1000 2867 1108 2926 Heaul.
1133 2869 1208 2926 237:
1248 2867 1367 2943 „Pergin

253 2973 329 3029 istuc
351 2971 434 3046 prius
461 2969 636 3042 diiudicare,
665 2990 752 3046 quem
781 2975 838 3030 sois
860 2969 933 3047 quid
954 2972 1019 3028 ueri
1041 2965 1139 3029 siet?“
1191 2969 1262 3028 Fuit
1284 2988 1367 3047 quum

252 3073 391 3132 Plautum
414 3075 566 3151 scripsisse
589 3075 763 3132 coniicerem
789 3073 878 3150 „quid
900 3078 1005 3149 suptus
1026 3072 1092 3130 ueri
1114 3071 1184 3144 sit“,
1207 3073 1228 3130 i.
1253 3093 1277 3131 e.
1302 3070 1366 3149 qnid

161 3155 164 3162 ¹
252 3178 315 3235 reri
345 3176 450 3234 subsit.
501 3175 590 3234 Weis.
614 3180 646 3235 et
671 3175 779 3252 Wagn.
803 3195 839 3233 ex
865 3175 951 3232 malis
980 3173 1067 3233 codd.
1093 3173 1184 3250 „qnid
1212 3175 1300 3233 huius
1328 3173 1366 3230 rei

253 3274 310 3338 sit“
325 3279 491 3351 ediderunt,
512 3277 591 3356 quod
610 3297 731 3354 prorsus
749 3275 947 3336 damnandum
965 3281 1023 3348 est3
1046 3297 1113 3336 nam
1126 3277 1233 3336 Latine
1245 3277 1365 3335 dicitnr:

256 3379 347 3458 „quid
374 3381 431 3441 hoc
458 3383 502 3439 rei
532 3377 616 3439 ast?“
652 3401 706 3439 nec
736 3380 1003 3439 demonstrativum
1036 3399 1200 3457 pronomen
1233 3381 1367 3454 genetivo

254 3483 373 3556 generis
397 3482 467 3540 addi
489 3488 598 3558 potest.

339 3587 410 3644 796.
444 3585 604 3662 Postquam
632 3585 706 3644 abiit
734 3605 838 3658 senex,
873 3583 1044 3650 adulescens
1072 3605 1154 3662 spem
1177 3605 1263 3643 snam
1284 3584 1366 3642 hilari

253 3688 350 3745 animo
375 3687 524 3763 eloquitur
547 3689 681 3747 iambicis
705 3689 889 3764 septenariis.
917 3715 955 3726 -
981 3683 1014 3745 in
1036 3683 1119 3746 uado
1142 3683 1266 3758 salutas,
1291 3685 1365 3763 quasi

252 3790 283 3847 in
305 3795 409 3865 portu,
444 3791 480 3848 ci.
505 3791 570 3850 Tar.
594 3791 686 3850 Andr.
712 3792 790 3849 845:
828 3789 948 3860 „Omnis
978 3809 1024 3848 res
1052 3799 1098 3848 ost
1127 3791 1189 3847 iam
1211 3793 1242 3847 in
1266 3785 1365 3858 uado“,

251 3891 304 3950 ubi
327 3891 477 3950 Donatus:
505 3895 554 3966 „in
576 3892 663 3965 vado,
687 3895 718 3950 in
741 3894 908 3960 securitate,
932 3911 999 3950 nam
1017 3896 1101 3951 utin
1123 3891 1273 3970 profundo
1295 3891 1365 3968 pari·

252 3993 351 4052 culum
375 4001 434 4067 est,
469 3997 513 4052 ita
534 3996 564 4052 in
588 3994 664 4053 vado
686 3991 859 4055 securitas“.
884 4023 925 4034 -
948 3990 1074 4054 uidetur
1095 3997 1153 4053 iam
1177 3993 1212 4053 D.
1237 3993 1363 4052 -rsa

251 4091 339 4168 Nisi,
363 4117 390 4155 v.
410 4095 481 4155 357.
504 4126 547 4137 -
573 4094 727 4175 „operiar“
753 4097 794 4169 D;
826 4093 971 4172 opperiar
994 4097 1063 4156 edd.
1087 4125 1128 4136 -
1152 4099 1222 4156 800.
1245 4095 1364 4172 poclum

251 4204 311 4262 iam
340 4201 370 4256 in
398 4199 423 4257 B
452 4205 629 4274 expunctum
659 4205 714 4258 est.
738 4214 818 4272 aum
841 4214 876 4258 ea
896 4214 962 4257 rem
984 4199 1030 4258 ed.
1054 4219 1099 4276 pr.

339 4303 409 4360 801.
433 4301 517 4359 Nova
539 4321 626 4360 soene
643 4303 750 4377 incipit
767 4303 943 4376 septenariis
961 4301 1121 4360 trochaicis
1139 4307 1261 4380 scripta.
1295 4301 1361 4360 Dum

249 4401 417 4476 Lyconides
441 4407 509 4460 ante
538 4403 616 4461 aedes
638 4403 788 4462 Euclionis
812 4411 961 4480 expectat,
996 4403 1143 4463 Strobilos
1172 4405 1292 4462 advenit
1312 4401 1363 4460 olla
