2922 5006
112 491 144 559 V,
152 494 179 560 9,
192 491 294 546 16-97
606 486 745 542 Curculio.
1173 498 1234 558 263

482 678 863 762 Therapontigonus

270 785 396 853 Collum
419 787 597 869 obstringe,
622 786 749 852 abduce
771 787 872 852 istum
894 789 928 852 in
951 788 1071 853 malam
1094 811 1232 856 crucem.

534 917 812 984 Phaedromus

106 1024 275 1111 Quidquid
297 1034 357 1108 est,
379 1027 449 1110 ipse
471 1025 535 1091 ibib
556 1025 676 1109 potius.

562 1155 779 1240 Cappadox

534 1265 597 1330 Pro
621 1265 718 1330 deum
740 1271 839 1348 atque
862 1265 1028 1332 hominum
1051 1267 1163 1332 fidem!
1182 1285 1234 1338 690

104 1375 231 1440 Hocine
256 1381 353 1459 pacto
375 1375 601 1439 indemnatum
624 1380 724 1456 atque
747 1375 942 1439 intestatum
964 1396 1016 1440 me
1039 1375 1169 1460 abripi?

104 1484 146 1547 Te
162 1484 313 1562 obsecre,
336 1482 533 1562 Planesium,
556 1489 591 1546 eb
607 1491 649 1562 te,
672 1480 886 1562 Phaedrome,
905 1482 1063 1548 auxilium
1080 1491 1118 1548 ut
1134 1483 1232 1550 feras.

553 1612 785 1678 Planesium

102 1721 229 1802 Frater,
253 1721 389 1788 obsecro
412 1729 455 1802 te,
479 1721 547 1787 noli
568 1720 656 1786 hunc
678 1721 904 1787 indemnatum
927 1723 1081 1806 perdere;

101 1829 189 1896 Bene
213 1837 251 1898 et
272 1829 391 1914 pudiea
414 1851 466 1896 me
489 1831 578 1895 domi
600 1829 726 1895 babuit.

474 1961 862 2045 Therapontigonus

762 2069 861 2134 Haud
882 2071 1054 2136 uoluntate
1077 2072 1111 2136 id
1134 2093 1203 2138 sua.

100 2177 296 2260 Aesculapio
319 2177 397 2242 huic
418 2177 551 2254 habebo,
575 2199 673 2262 quom
696 2177 816 2260 pudica
838 2199 882 2257 es,
907 2179 1065 2262 gratiam,
1180 2197 1232 2251 696

102 2283 185 2350 Nam
209 2287 239 2351 si
262 2287 291 2350 is
314 2285 484 2365 ualuisset,
507 2287 574 2352 iam
597 2284 734 2370 pridem,
757 2306 888 2369 quoquo
910 2293 1034 2370 posset,
1058 2289 1213 2353 mitteret.

533 2411 805 2476 Phaedromus

98 2518 257 2586 Animum
279 2520 455 2600 aduertite,
479 2540 534 2602 epo
558 2520 587 2584 si
609 2539 742 2603 possum
764 2518 827 2585 hoc
849 2521 936 2586 inter
954 2541 1015 2585 uos
1035 2542 1230 2604 conponere.

100 2626 194 2694 Mitte
218 2630 339 2696 istunc.
383 2628 512 2693 Accede
534 2627 608 2708 huo,
630 2628 715 2693 leno.
759 2628 875 2692 Dicam
897 2648 1005 2694 meam
1025 2631 1232 2710 senientiam,

99 2737 291 2821 Siquidem
312 2737 424 2816 uoltis,
447 2734 538 2820 quod
561 2735 706 2814 decrero,
729 2736 851 2802 facere.

473 2865 861 2950 Therapontigonus

860 2974 933 3040 Tibi
957 2976 1187 3058 permittimus.

558 3099 777 3184 Cappadox

102 3209 187 3276 Dum
210 3175 349 3294 quidem¹
370 3209 480 3276 hercle
502 3211 550 3275 ita
572 3209 713 3285 indicae,
736 3229 776 3272 ne
800 3209 976 3291 quisquam
999 3229 1093 3273 ame
1116 3228 1232 3292 argen-

820 3323 890 3381 tum
913 3313 1053 3381 auferat.
1181 3333 1233 3386 700

471 3448 862 3532 Therapontigonus

102 3555 240 3634 Quodne
263 3559 434 3642 promisti?

556 3663 777 3755 Qappadox

461 3770 625 3838 Promisi?
650 3773 728 3857 qui?

468 3902 862 3987 Therapontigonus

738 4011 873 4094 Lingua.

107 4191 298 4200 -u---.....-....
308 4193 313 4197 .

165 4291 217 4346 691
238 4289 326 4358 arripi
385 4291 437 4344 699
454 4289 494 4343 Te
512 4305 561 4344 om.
624 4291 675 4344 693
693 4288 931 4356 condempnatum
987 4287 1108 4340 696—98
1126 4285 1232 4339 duobus

100 4378 231 4432 wactas.
298 4376 349 4430 697
366 4392 420 4444 ego
439 4391 488 4430 om.
550 4376 602 4430 698
620 4375 693 4429 istuc
748 4377 799 4428 ⁷00
816 4373 929 4428 iudscss
991 4373 1040 4426 701
1060 4370 1215 4441 promisisti
