2922 5006
87 489 117 556 r,
128 493 153 557 4,
164 490 286 556 aa-a,a
590 489 708 556 Capriui.
1147 493 1208 555 207

85 678 176 743 Nunc
200 677 318 762 edepol
341 677 470 742 demum
492 679 526 742 in
548 679 738 743 memoriam
759 676 935 758 regredior,
958 677 1093 743 audisse
1116 697 1167 743 me

86 787 183 865 Quasi
206 809 266 872 per
288 785 443 852 nebulam
465 785 643 870 Hegionem
667 807 775 851 meum
797 792 925 870 patrem
947 787 1106 852 uocarier.

584 895 711 977 Hegio

84 1003 113 1069 ls
138 996 198 1086 ego
222 1025 305 1069 sum.

517 1111 782 1177 Philocrates
923 1195 925 1202 γ

302 1217 520 1305 Conpedibus,
544 1241 675 1304 quaeso,
700 1227 736 1285 ut
758 1220 819 1286 tibi
842 1221 884 1286 sit
907 1221 1011 1287 leuior
1034 1218 1121 1284 filius
1146 1235 1211 1288 1000

84 1336 191 1416 Atque
216 1329 268 1394 hic
290 1332 423 1413 grauior
446 1351 569 1396 seruos.

583 1438 709 1520 Hegio

563 1545 731 1612 Certumst
753 1548 913 1632 principio
937 1545 971 1611 id
995 1549 1211 1633 praeuertier.

84 1657 206 1723 Eamus
230 1657 326 1736 intro,
349 1659 599 1726 utarcessatur
621 1654 722 1734 faber,
745 1663 783 1722 ut
805 1657 893 1722 istas
909 1656 1071 1741 conpedes
1233 1653 1238 1665 '

85 1767 159 1832 Tibi
184 1765 338 1844 adimam,
361 1761 436 1828 huic
460 1761 541 1828 dem.

535 1869 768 1954 Stalagmus

543 1977 626 2055 Quoi
648 1978 757 2064 peculi
781 1980 862 2047 nihil
886 1985 946 2060 est,
970 1985 1061 2046 recte
1084 1979 1211 2046 feceris.

546 2269 754 2336 CATERUA.

84 2427 307 2508 Spectatores,
331 2423 374 2490 ad
396 2424 534 2508 pudicos
556 2445 665 2489 mores
688 2425 776 2490 facta
799 2425 880 2490 haec
904 2423 1058 2489 fabulast.

82 2535 198 2618 Neque
220 2535 255 2598 in
278 2533 340 2598 hac
362 2532 612 2616 subigitationes
636 2541 713 2598 sunt
735 2555 840 2616 neque
864 2533 932 2598 ulla
955 2533 1077 2598 amatio
1146 2549 1211 2602 1025

82 2643 151 2708 Nec
174 2643 268 2727 pueri
283 2641 475 2726 'suppositio
497 2662 557 2706 nec
579 2641 706 2722 argenti
729 2641 973 2720 circumductio,

82 2750 197 2833 Neque
232 2749 289 2815 ubi
318 2770 431 2814 amaus
460 2749 652 2815 adulescens
682 2757 826 2817 scortum
854 2747 973 2816 liberet
1002 2749 1088 2815 clam
1115 2769 1211 2814 snum

802 2867 938 2942 patrem.

81 2967 189 3032 Huius
213 2967 302 3032 modi
325 2987 448 3051 paucas
471 2973 588 3050 poetae
610 2968 777 3050 reperiunt
800 2967 994 3044 comoedias,

81 3074 146 3141 Ubi
169 3075 246 3140 boni
270 3074 421 3140 meliores
444 3073 534 3140 fiant.
579 3074 674 3138 Nunc
697 3096 766 3156 uos,
791 3075 819 3138 si
840 3074 935 3139 uobis
958 3075 1069 3159 placet

81 3183 126 3248 Et
144 3185 171 3249 si
189 3183 373 3268 placuimus
390 3203 497 3266 nequa
517 3182 592 3249 odio
610 3181 744 3262 luimus,
768 3183 898 3264 signum
909 3181 971 3247 hoc
984 3183 1119 3247 mittite:
1143 3197 1210 3251 1030

82 3291 146 3368 Qui
168 3291 347 3376 pudicitiae
370 3311 442 3356 esse
463 3289 564 3356 uoltis
588 3291 778 3374 praemium,
802 3291 952 3373 plausum
976 3290 1062 3355 date.
1228 3281 1243 3294 ⁶

84 3453 310 3462 ——a—--vm

153 3527 218 3579 1018
237 3524 377 3580 audissem
394 3540 439 3578 ma
493 3523 606 3578 10201s
625 3540 675 3580 cm.
733 3525 796 3578 1021
814 3491 983 3593 principium
