2916 5006
251 528 315 590 413
733 517 895 572 Bacchides.

252 717 373 778 similes.
397 745 441 756 -
464 727 546 790 prae
566 728 675 786 mnu,
706 714 738 772 in
760 711 911 786 manibus,
943 712 978 773 of.
1003 711 1071 771 Tor.
1095 712 1153 771 Ad.
1178 713 1256 772 980:
1293 710 1378 785 „huic

253 819 366 898 aliquit]
389 817 514 896 paulum
535 835 598 894 prae
626 835 716 874 manu
743 814 878 889 dederis,
908 815 987 874 undo
1014 811 1149 874 utatur“.
1195 813 1283 891 Apul.
1305 813 1374 872 Met.

253 921 303 996 VI,
324 923 379 981 18:
402 941 442 980 aes
458 921 483 978 si
506 919 585 978 forte
606 939 669 996 pra
690 939 780 977 manu
802 937 865 976 non·
883 913 1005 978 fucrit“.
1040 918 1155 996 DIgest
1174 915 1258 989 XIII,
1277 919 1304 988 7,
1322 917 1376 974 ti:

257 1025 394 1100 „Petenti
416 1027 550 1082 mutuam
571 1023 729 1100 pecuniam
752 1021 909 1094 crchtcrI,
944 1041 1035 1098 quum
1058 1039 1120 1099 prae
1143 1040 1235 1078 manu
1265 1017 1380 1077 dabItor
1442 1017 1443 1084 Ῑ

253 1147 313 1187 non
324 1127 457 1198 haberet,
475 1119 792 1202 specieaauridedit“.
827 1123 902 1183 Gell.
915 1123 997 1198 XIX,
1017 1127 1046 1192 8,
1067 1127 1101 1183 6:
1128 1125 1173 1197 „si
1184 1121 1241 1182 Gai
1259 1119 1377 1180 Casaris
1442 1103 1443 1170 i

256 1229 336 1288 libor
356 1248 420 1307 prae
442 1227 581 1286 manibus
604 1232 659 1300 cst,
683 1230 780 1304 promi
803 1222 937 1286 iubeas“.
1442 1217 1443 1224 '

342 1333 402 1390 623
442 1330 568 1388 dimeter
600 1329 775 1388 bacchiacus
808 1349 874 1388 cum
907 1349 1013 1407 paeone
1045 1331 1153 1406 primo.
1212 1327 1380 1404 Sequuntur

256 1433 448 1492 choriambici
471 1437 501 1490 et
524 1433 695 1510 cnapaestici
717 1433 843 1504 numeri,
869 1431 1016 1490 624-25
1442 1423 1443 1426 “

260 1741 330 1800 624.
354 1739 499 1799 Fleckeis.
528 1739 658 1799 Exercit.
687 1739 785 1799 Plcut.
816 1761 845 1818 p.
878 1742 914 1799 19
945 1744 976 1797 et
997 1737 1110 1798 RItach.
1139 1741 1175 1795 ut
1201 1736 1378 1794 trochaicum

257 1863 378 1903 versum
400 1844 538 1915 facerent,
562 1847 593 1900 et
614 1843 675 1900 alia
696 1847 864 1916 mutarunt,
894 1848 938 1900 et:
977 1841 1026 1914 „di
1048 1840 1174 1898 meliora
1194 1835 1321 1898 faxint“.
1341 1865 1379 1875 -

263 1941 347 2022 Quid
366 1939 425 2021 fil?
457 1945 608 2004 Interdum
632 1947 695 2003 cius
718 1950 772 2019 est,
796 1948 848 2022 qui
871 1945 987 2023 quaert,
1019 1942 1091 2020 quid
1113 1943 1186 2013 eius,
1217 1940 1299 2018 quod
1319 1937 1379 1996 fieri

259 2047 374 2122 debeat,
394 2047 528 2106 effectum
547 2049 594 2120 sit,
614 2052 648 2105 ut
666 2047 744 2106 infra
762 2049 833 2107 771.
848 2049 919 2107 874.
955 2045 1028 2106 Oist.
1042 2047 1118 2118 602,
1141 2043 1293 2102 interdum
1312 2040 1380 2100 nihil

261 2151 343 2210 aliud
372 2150 519 2226 significat
546 2169 651 2227 quam:
686 2150 759 2227 quid
788 2145 874 2225 agia?
908 2149 943 2208 cf.
965 2148 1059 2206 Mero.
1085 2149 1155 2206 280.
1199 2144 1290 2223 Epic.
1314 2145 1379 2202 392.

260 2283 303 2294 -
326 2255 397 2312 626.
421 2248 498 2312 Nem
522 2246 628 2312 taces?
649 2257 732 2310 vetat
754 2271 821 2310 aum
844 2257 906 2310 tam
928 2249 1065 2310 tristibus
1088 2248 1188 2306 verbis
1209 2250 1266 2320 uti,
1290 2247 1324 2306 cf.
1347 2243 1380 2303 ad

260 2355 366 2432 Amph.
392 2357 462 2413 693.
493 2383 530 2394 -·
563 2355 623 2413 626
653 2354 820 2413 trochaicus
852 2354 1040 2424 octonarius,
1075 2351 1111 2410 of.
1141 2349 1281 2410 Studcm:
1301 2349 1379 2408 (iant.

260 2477 290 2534 p.
318 2458 365 2514 14.
410 2455 540 2514 Ritsch.:
568 2459 667 2530 „acria
690 2461 780 2532 atquc
803 2455 909 2514 acerba
929 2451 1038 2512 nunc“.
1063 2483 1106 2494 -
1128 2455 1189 2510 627
1219 2453 1381 2512 trochaicus

262 2560 459 2634 septenarius.
483 2588 526 2598 —
549 2561 704 2618 cac-30.
728 2557 883 2617 Trochaioi
906 2559 1021 2616 numeri
1045 2556 1214 2615 continuari
1237 2555 1379 2624 videntur,

263 2680 305 2732 ac,
329 2660 354 2716 ai
373 2663 441 2718 ante
458 2655 586 2720 habeam
608 2661 722 2719 hiatum
745 2680 808 2718 6666
826 2665 950 2734 statuas,
974 2678 1067 2735 caque
1085 2657 1177 2716 verba
1196 2656 1300 2731 addas,
1324 2674 1382 2733 que

264 2762 329 2821 aliis
348 2761 384 2820 de
402 2764 497 2820 causis
515 2764 683 2821 necessaria
699 2762 846 2836 videntur,
865 2763 1068 2840 septenarium
1084 2763 1115 2819 ct
1126 2762 1312 2819 octonarium
1324 2776 1381 2816 cum

263 2865 436 2942 septenario
464 2865 506 2924 sic
534 2868 716 2924 constituere
738 2866 852 2941 possis:
1048 2895 1051 2902 .

263 2966 312 3026 ΡΙ.
342 2967 411 3039 Eia,
440 2948 551 3027 bonum
573 2968 649 3026 habs
672 2969 811 3027 animum.
857 2966 926 3026 MN.
961 2965 1047 3027 Unde
1070 2963 1217 3024 habeam?
1252 2964 1382 3023 Mortuus

932 3081 936 3094 ’
979 3069 1075 3146 pluria
1098 3071 1210 3145 pretist

265 3172 359 3245 Quam
382 3190 436 3248 ego
459 3191 533 3231 sum.
568 3171 615 3230 ΡΙ.
640 3171 747 3229 Militis
770 3172 929 3249 parasitus,
952 3171 1039 3228 modo
1063 3166 1118 3248 qui
1138 3173 1266 3228 uenerat
1288 3171 1381 3246 pctore

981 3293 1085 3332 aurum
1107 3273 1185 3344 hino,

264 3379 341 3436 Eum
365 3397 419 3454 ego
441 3378 514 3436 mais
538 3377 627 3437 dictis
648 3377 734 3435 mulia
756 3375 803 3434 his
826 3376 940 3434 foribus
963 3381 1053 3454 atqua
1076 3375 1132 3434 hoo
1157 3369 1270 3434 semita

265 3479 404 3556 Reppuli.

260 3576 368 3656 pluris
377 3576 476 3656 pretii
493 3581 582 3640 stiam
595 3580 689 3640 Varro
701 3581 736 3640 R.
749 3581 784 3640 R.
797 3581 821 3654 I,
841 3583 870 3654 7,
889 3583 924 3640 4:
951 3586 1004 3656 „ut
1020 3581 1087 3658 plus
1104 3579 1235 3638 reddant
1253 3579 1342 3637 musti
1356 3577 1382 3631 ot

266 3684 325 3742 olei
348 3688 379 3742 st
399 3683 494 3762 pluris
516 3680 636 3759 pretfi“.
657 3713 700 3724 —-·
719 3683 790 3743 629.
816 3679 869 3761 qui
891 3683 975 3742 addit
998 3683 1170 3757 Xisasiing,
1194 3681 1273 3740 Mus.
1297 3679 1380 3738 Rhan.

265 3785 377 3860 XXIII,
395 3787 467 3844 423.
489 3815 531 3826 *-
553 3787 693 3860 uerterat,
715 3785 1039 3863 plusquamperfectum
1060 3804 1116 3861 pro
1134 3783 1279 3862 perfecto,
1301 3799 1327 3839 v.
1348 3775 1379 3836 sd

266 3889 375 3966 Amph.
401 3889 471 3948 379.
500 3917 542 3928 -
571 3890 642 3948 630.
676 3889 820 3949 Ultimum
850 3907 952 3947 vocem
982 3887 1129 3946 excidisse
1157 3886 1235 3945 vidit
1257 3885 1307 3957 R,
1336 3879 1379 3958 qui

270 3988 431 4067 „mulierc“
446 3991 612 4068 supplevIt;
635 3989 707 4048 mihi
722 3987 864 4063 „semita“
879 3991 979 4068 aptius
988 3989 1118 4063 videtur,
1131 4009 1159 4048 v.
1173 3989 1211 4046 ad
1224 3987 1307 4047 Ouro.
1318 3983 1378 4044 267.

269 4097 327 4154 631
352 4119 963 4142 -------------

269 4199 330 4256 632
353 4217 1235 4244 -------------------

270 4301 329 4358 633
353 4324 1052 4346 ---------------

270 4403 331 4460 634
355 4431 389 4442 -
407 4427 994 4450 -------------
