2932 5010
561 539 592 591 v.
613 539 719 592 19—35.
1085 534 1091 547 ·
1143 543 1203 604 377

85 733 188 791 dicitur
215 753 304 810 quam
333 734 420 792 folles
448 733 608 804 fornacum,
640 733 748 810 quibus
765 732 867 809 μείνω
894 751 917 792 s.
947 733 1060 810 lapidea
1095 734 1204 792 serrum

86 838 264 894 continentes
287 835 455 914 liquefiunt.
483 865 526 876 -·
557 839 606 894 28.
629 835 664 894 In
687 843 874 908 transcursu,
903 841 937 893 ut
961 836 1053 906 solet,
1077 837 1203 894 Plautus

85 939 328 997 Praenestinorum
351 939 498 1013 gloriandi
521 938 713 1014 cupiditatem
737 943 846 1012 tangit.
892 936 1028 996 Ceterum
1050 939 1082 997 hi
1100 959 1204 998 versus

84 1049 178 1100 utrum
207 1044 288 1099 inter
309 1042 408 1118 plures
430 1061 573 1119 personas
596 1040 794 1099 distribuendi
820 1043 894 1113 sint,
925 1041 1005 1118 quod
1024 1041 1204 1101 Bitschelius

84 1146 158 1218 fecit,
182 1165 221 1202 an
242 1147 295 1202 uni
319 1144 487 1221 assignandi
511 1148 581 1216 sint,
606 1143 763 1202 admodum
787 1143 909 1202 dubium
932 1149 985 1202 est.
1006 1173 1048 1184 -
1067 1147 1115 1203 29.
1140 1145 1204 1216 Quo

84 1267 147 1306 casu
169 1248 295 1306 Plautus
319 1247 496 1305 adiectivum
525 1251 670 1325 posuerit,
699 1250 879 1324 ignoramus.
934 1245 1016 1304 Fieri
1038 1253 1148 1323 potest,
1172 1253 1207 1305 ut

84 1351 204 1408 militem
239 1352 513 1408 commemoraverit
540 1345 665 1408 Arabos
698 1351 831 1425 aliasque
865 1353 1001 1408 nationes
1034 1369 1065 1408 se
1098 1353 1206 1408 vicisse

84 1453 266 1526 gloriantem.

165 1556 302 1614 30-—31.
325 1555 448 1613 Bacchis
461 1557 560 1613 Attica
576 1559 673 1614 sorori
686 1556 839 1613 consilium
853 1555 913 1627 dat,
931 1561 1064 1630 utquam
1077 1557 1205 1631 primum

82 1677 97 1714 a
117 1659 216 1716 milite
239 1657 340 1730 abeat,
372 1657 452 1734 quod
481 1660 504 1716 si
528 1657 596 1716 ideo
620 1677 679 1718 non
702 1659 810 1736 possit,
834 1661 906 1734 quia
929 1677 1038 1729 annus,
1062 1659 1093 1714 in
1117 1677 1204 1734 quem

83 1761 229 1818 conducta
251 1762 299 1832 sit,
330 1759 460 1818 nondum
484 1765 603 1819 exactus
626 1762 674 1832 sit,
697 1762 854 1838 pecuniam
878 1760 1108 1838 comparandam
1131 1780 1204 1832 esse,

82 1883 139 1938 qua
162 1863 343 1921 exsolvatur.
385 1861 450 1920 Huc
474 1863 624 1938 pertinere
643 1863 773 1920 arbitror
796 1863 849 1920 hos
871 1881 982 1935 versus,
1007 1881 1081 1938 quos
1104 1882 1203 1920 emen-

81 1965 162 2024 darit
175 1965 338 2036 Monoecus,
359 1985 425 2024 uam
444 1966 482 2022 ad
499 1965 675 2024 Bacchidem
693 1963 722 2024 S.
741 1965 837 2023 dictos
861 1985 925 2024 esse
949 1971 979 2023 et
996 1963 1204 2023 Cleomachum

82 2070 306 2127 commemorari
339 2074 452 2125 certum
481 2067 609 2126 videtur.
666 2062 793 2127 Anauon
820 2068 894 2125 tales
925 2067 1111 2126 condiciones
1143 2085 1206 2124 esse

81 2171 226 2242 solebant,
251 2191 277 2229 v.
300 2171 385 2229 Asin.
411 2172 482 2229 233.
507 2171 577 2229 747.
622 2169 740 2228 Trucul.
768 2172 837 2230 392.

164 2273 258 2332 Redit
291 2272 481 2331 Pistoclerus.
543 2271 684 2349 Spectata
721 2273 883 2331 indiscreta
927 2291 1061 2331 sororum
1102 2273 1206 2330 simili-

81 2377 183 2436 tudine
210 2375 401 2432 vehementer
424 2376 548 2434 miratur
570 2395 597 2433 v.
623 2378 675 2448 32,
702 2377 925 2452 'comparatione
948 2395 1018 2434 usus
1042 2376 1148 2447 solita,
1178 2396 1205 2434 r.

81 2479 187 2555 Amph.
217 2479 276 2536 595
311 2497 374 2536 cum
407 2484 507 2536 annot.
537 2473 615 2538 lactc
643 2479 701 2537 vid.
733 2479 770 2536 ed
803 2481 893 2536 1132.
949 2477 1073 2536 Sorores
1108 2483 1205 2536 autem

81 2583 246 2657 pecuniam,
271 2599 330 2655 qua
352 2599 425 2655 opus
449 2581 496 2652 sit,
522 2601 557 2638 ex
580 2601 615 2640 eo
639 2582 706 2640 elici
728 2601 817 2658 posse
834 2587 996 2657 sperantes,
1020 2584 1083 2638 sius
1101 2598 1205 2658 aggre-

82 2684 180 2742 diendi
218 2683 371 2740 consilium
404 2685 516 2740 ineunt.
579 2683 649 2742 Haec
681 2685 778 2760 prime
812 2687 842 2740 in
876 2683 1025 2742 codicibus
1060 2684 1208 2742 Plautinis

82 2807 168 2844 scena
192 2793 290 2854 extat,
325 2791 355 2842 ct
383 2785 469 2842 huius
498 2805 617 2862 quoque
646 2788 763 2844 initium
788 2785 983 2844 desideretur.
1030 2785 1125 2844 Scene
1148 2793 1209 2844 tro·

83 2889 191 2946 chaicis
217 2889 395 2964 septenariis
418 2889 581 2964 composita
604 2895 663 2960 est3
697 2909 840 2966 personae
864 2895 977 2960 autem,
1002 2909 1076 2964 quas
1099 2889 1162 2946 cod.
1187 2889 1210 2947 G

85 3011 140 3048 non
164 2991 342 3064 distinguit,
378 2991 443 3049 cod.
468 2991 505 3062 B,
537 2999 572 3049 ut
595 2991 738 3064 diximus,
773 2993 852 3049 notis
875 2992 914 3062 A,
939 2989 978 3062 E,
1005 2991 1029 3048 G
1054 2989 1209 3067 significat.

82 3092 138 3151 Sed
176 3093 319 3151 confundi
354 3096 384 3150 in
417 3095 522 3171 primis
552 3093 687 3151 versibus
715 3099 804 3152 notas
831 3095 857 3151 A
887 3099 916 3150 et
938 3093 979 3164 E,
1011 3101 1090 3150 recte
1118 3094 1210 3149 anim·

83 3196 216 3253 advertit
237 3195 417 3254 Ritschelius
445 3197 476 3253 in
498 3196 575 3254 Mus.
599 3195 693 3253 Rhen.
717 3195 766 3267 IV,
796 3215 825 3271 p.
851 3197 910 3253 355
935 3215 1016 3271 sqq.;
1051 3215 1117 3252 nam
1146 3213 1212 3270 quas

82 3319 108 3357 r.
134 3301 173 3357 33
199 3298 333 3375 postulat
355 3305 386 3356 et
407 3303 562 3374 impetrat,
598 3303 633 3356 ut
662 3297 719 3356 sibi
747 3297 888 3374 loquendi
917 3303 1018 3374 partes
1041 3295 1210 3368 tradantur,

84 3402 186 3459 Attica
208 3401 299 3458 fuerit
321 3419 441 3458 necesse
464 3407 524 3474 est,
560 3404 673 3479 quippe
702 3419 767 3478 quoe
796 3421 828 3457 re
858 3401 976 3477 ipsein
999 3399 1142 3475 proximis
1164 3399 1212 3456 Pi-

83 3503 212 3560 stoclero
241 3503 427 3579 persuadeat.
456 3533 499 3543 —-
529 3505 562 3562 tu
589 3506 721 3563 servavit
749 3503 901 3561 Charisius
929 3523 957 3580 p.
983 3504 1043 3561 204
1067 3501 1146 3560 Keil.
1170 3529 1213 3543 -·

84 3599 222 3681 Lepid&
244 3606 337 3663 altero
359 3625 445 3664 soror
467 3607 621 3665 consilium
645 3607 757 3664 laudat.
771 3637 813 3646 -
826 3601 902 3676 licet,
926 3625 953 3664 v.
967 3604 1004 3663 ad
1017 3605 1124 3681 Amph.
1139 3603 1210 3663 540.

171 3709 307 3766 35-36.
342 3707 536 3785 Corrupteles
565 3710 692 3785 primum
722 3728 909 3766 numerorum
939 3707 1072 3766 defectus
1102 3709 1210 3781 arguit.

83 3810 182 3880 Quare
206 3812 236 3866 in
258 3813 360 3886 priore
382 3831 470 3869 versu
494 3811 678 3870 Camerarius
706 3811 818 3887 Pylade
845 3812 918 3870 duce
949 3811 1070 3883 „defuac
1094 3807 1210 3868 oratio“

83 3915 214 3989 scripsit,
246 3911 357 3972 Ritsch.
384 3913 577 3990 Bernaysium
601 3919 733 3972 secutus:
772 3935 827 3986 „ue
850 3913 981 3972 deluerit
1004 3913 1117 3989 optio“,
1142 3915 1162 3970 i.
1187 3933 1212 3971 e.

84 4015 214 4086 adiutor,
240 4016 276 4075 cf.
293 4018 376 4075 Asin.
399 4019 472 4089 1003
495 4017 548 4074 sed
571 4037 624 4075 nec
650 4011 815 4090 ,descend
840 4016 920 4074 idem
944 4015 1092 4090 estquod
1121 4033 1213 4092 „opus

83 4117 153 4190 sit“,
179 4138 233 4176 nec
258 4121 382 4194 cogitari
405 4123 518 4196 potest,
554 4139 612 4195 quo
641 4119 813 4178 adiumento
841 4124 928 4193 egeat
949 4118 1073 4176 Bacchis
1097 4120 1128 4175 in
1151 4119 1212 4174 suis

84 4221 151 4296 ipsa
175 4220 263 4279 rebus
284 4220 562 4280 commemorandis.
615 4221 698 4280 Nihil
721 4221 801 4280 aliud
830 4220 1009 4297 respondere
1033 4224 1133 4296 potest
1154 4211 1213 4276 nisi

85 4323 141 4380 sibi
165 4342 342 4400 persuasum
366 4343 429 4382 esse
452 4324 535 4380 nulla
555 4323 759 4382 admonitione
777 4343 851 4402 opus
870 4343 942 4382 esse.
978 4323 1082 4399 ltaque
1100 4323 1212 4379 ironice

84 4424 160 4482 dicit
184 4445 211 4483 v.
236 4427 290 4497 36,
325 4427 459 4503 profecto
483 4428 644 4498 severeri,
678 4447 716 4484 ne
743 4427 899 4484 lusciniam
928 4425 1053 4484 canendi
1083 4425 1212 4482 facultas
