2932 5010
279 531 338 592 306
759 523 912 578 Aulularia„

278 719 421 793 censebat,
445 725 478 776 ut
501 740 528 778 v.
548 719 619 790 294,
643 723 734 791 reete,
758 719 815 778 nisi
838 717 940 791 fallor3
963 739 1032 778 nam
1049 738 1162 795 ungues
1179 741 1248 779 eum
1265 721 1394 798 posuisse

276 844 396 882 narrare
423 843 482 881 nou
510 841 585 898 opus
612 826 686 880 erat.
716 851 758 860 -
787 823 856 880 305.
894 815 1025 900 Oollcqil
1047 817 1190 900 abstulit,
1221 823 1393 901 asyndeton,

276 927 312 986 ci.
335 926 373 984 ed
395 924 502 1002 Amph.
529 926 576 983 13.
622 923 665 982 De
693 923 851 982 verborum
880 925 985 984 ordine
1012 946 1041 986 v.
1065 927 1104 986 ud
1125 927 1235 1005 Amph.
1261 931 1335 988 290.
1358 959 1394 968 —·

277 1031 347 1100 306.
377 1043 472 1103 parce
488 1041 631 1102 parcum.
676 1027 828 1104 Repetitio
851 1035 952 1106 auget,
981 1033 1016 1086 ut
1043 1049 1136 1108 saepe3
1169 1031 1206 1090 cf.
1231 1031 1299 1090 Cas.
1323 1031 1393 1090 499:

279 1133 370 1206 „scite
397 1127 518 1190 scitus“.
569 1129 643 1190 cist.
673 1129 749 1189 516:
787 1131 937 1203 „homines
971 1133 1077 1190 misere
1106 1131 1238 1193 miseri“.
1291 1133 1392 1192 Pseud.

279 1237 333 1293 13:
377 1233 506 1306 „Misere
535 1234 626 1292 miser
654 1231 749 1292 sunt“.
804 1232 903 1292 Etiam
934 1235 962 1290 iri
994 1237 1130 1308 cogitetis
1159 1237 1335 1296 notionibus
1366 1243 1394 1294 ut

276 1337 364 1396 Most.
389 1338 465 1396 486:
503 1337 621 1412 ..inepte
643 1332 788 1406 stultus“,
818 1336 868 1393 sed
898 1339 1024 1396 maxime
1047 1339 1160 1416 placuit
1181 1339 1290 1398 Plauto
1314 1361 1392 1417 pure·

276 1440 378 1498 obesis.
398 1469 440 1478 —
465 1441 535 1498 307.
559 1439 643 1496 llunc
661 1458 787 1510 versum,
812 1439 862 1515 qui
880 1441 911 1498 iu
929 1439 1076 1498 codicibus
1094 1439 1226 1499 Strobilo
1243 1442 1392 1512 tribuitur,

276 1544 351 1602 mele
375 1541 503 1600 editores
526 1561 622 1618 eoquo
645 1543 836 1614 continuant,
865 1545 917 1618 qui
942 1543 1095 1618 superiore
1117 1563 1206 1604 versu
1227 1564 1313 1604 suam
1327 1565 1392 1628 seu·

274 1648 397 1704 tentiam
428 1643 565 1703 obsolvit.
626 1643 717 1702 Immo
752 1643 899 1704 Strobilus
932 1645 1001 1704 bine
1032 1648 1140 1724 incipit
1171 1668 1281 1707 uorum
1317 1649 1392 1706 arari

275 1753 354 1808 senis
371 1753 543 1825 portentum
563 1765 695 1820 narrare,
717 1767 783 1804 eum
801 1747 900 1818 miluo,
925 1750 975 1824 qui
992 1750 1138 1827 pulmenti
1156 1749 1271 1826 aliquid
1283 1751 1391 1827 rapuis·
1448 1773 1449 1828 ι

275 1857 334 1924 set,
363 1850 562 1908 vadimonium
594 1849 672 1926 apud
701 1855 859 1926 praetorem
888 1853 1069 1910 constituere
1097 1852 1233 1910 voluisse.
1291 1852 1392 1929 Incipit
1448 1847 1449 1858 ¹

275 1960 373 2014 autern
397 1953 434 2012 ab
456 1954 686 2028 interrogatione
715 1944 832 2012 (lemen
854 1969 928 2012 uero
956 1950 1056 2026 („Kau
1078 1953 1126 2012 Du
1142 1955 1247 2014 *taenlre
1270 1953 1390 2032 Diffi.

274 2074 344 2118 eum
360 2072 467 2133 parere,
490 2055 659 2114 emendavit
681 2053 827 2132 Spengel„
851 2055 949 2116 Plnut.
968 2078 999 2134 p.
1020 2059 1070 2117 83.
1096 2053 1197 2130 (Both.
1214 2059 1310 2130 „adeo
1332 2077 1391 2134 par

274 2156 371 2220 cum“.
401 2157 507 2233 Wagn.
535 2158 627 2232 „adeo
659 2155 779 2236 paroe“,
814 2159 922 2217 omisso
954 2154 1082 2237 „esse“).
1110 2191 1153 2200 -
1183 2162 1255 2220 308.
1290 2160 1391 2219 Errorc

273 2264 343 2322 huie
370 2262 469 2322 versui
497 2261 529 2320 in
550 2259 635 2320 codd.
658 2260 812 2337 prescribi
834 2262 922 2338 coqui
949 2283 1122 2340 personam,
1151 2263 1240 2322 facile
1264 2269 1389 2340 apparet.

274 2366 470 2425 Continentur
492 2361 614 2422 Strobili
636 2383 743 2436 sermo,
767 2383 827 2422 non
848 2365 892 2423 ita
913 2369 949 2424 ut
969 2370 1039 2443 pest
1054 2361 1132 2424 adeo
1149 2372 1296 2443 sequatur
1315 2362 1390 2440 „ut‘'.

274 2469 326 2528 sed
350 2488 396 2526 res
418 2467 471 2524 illo
493 2465 634 2524 adverbio
657 2465 789 2526 iudicatu
810 2467 985 2546 simpliciter
1007 2474 1156 2540 narretur,
1181 2470 1218 2530 ci.
1232 2469 1269 2528 eri
1291 2468 1389 2545 Amph.

275 2573 347 2630 952.
365 2599 408 2610 -
424 2569 497 2626 Post
512 2563 639 2644 mitem
661 2567 761 2628 hiatus
783 2571 816 2629 in
837 2589 959 2631 caesura.
972 2599 1014 2610 —-
1032 2565 1060 2628 ei
1081 2571 1202 2630 videtur
1228 2569 1303 2644 „eii”
1329 2589 1389 2647 pro·

273 2671 481 2742 nuntiandum,
504 2670 564 2729 vid.
582 2670 697 2748 Proleg.
720 2693 751 2751 p.
775 2676 846 2732 216.
890 2673 1011 2732 Mitller.
1037 2671 1208 2751 „deripuit“
1234 2673 1388 2732 scribebat.
1447 2711 1448 2720 .

274 2777 298 2834 B
320 2777 402 2852 prius
429 2769 576 2850 „ripuit“;
603 2771 654 2846 „e“
683 2774 816 2850 addidit,
840 2781 875 2835 ut
896 2775 1024 2848 videtur,
1048 2795 1104 2835 sec.
1129 2795 1243 2836 manus.
1267 2807 1310 2818 —
1324 2769 1389 2850 pul·

272 2878 423 2954 mentum,
455 2881 491 2940 cl.
519 2880 584 2942 Mil.
609 2883 681 2942 351.
731 2879 849 2948 Pseud„
870 2882 941 2938 220.
985 2878 1062 2938 Rud.
1087 2880 1158 2939 937.
1193 2909 1236 2920 ·-
1271 2873 1388 2948 milwae,

272 3003 300 3042 v.
331 2982 446 3060 Proleg.
481 3003 512 3062 p.
542 2984 614 3044 215.
649 3015 692 3025 -
732 2986 802 3044 309.
843 2982 967 3042 Versum
997 2981 1083 3040 effert
1114 2981 1232 3041 Nouius
1265 3003 1296 3060 p.
1326 2983 1388 3050 509,

272 3084 323 3144 sed
346 3087 473 3160 legeret:
511 3089 614 3161 „uenit
641 3081 913 3165 deplorabundus“.
953 3079 1174 3161 plorabundus
1195 3083 1223 3142 D
1248 3085 1388 3158 ceterique

272 3189 357 3248 codd.
389 3219 430 3230 --
464 3191 535 3248 310.
570 3185 693 3250 duleus
725 3189 785 3248 ium
815 3190 846 3246 in
875 3188 899 3246 Β
930 3187 1126 3247 emendatum.
1155 3217 1200 3227 —
1238 3188 1311 3246 311.
1341 3199 1388 3242 ιια·

273 3288 387 3366 doner,
411 3292 610 3352 vadimonium
631 3293 754 3352 deferre.
780 3321 822 3332 -
853 3291 923 3352 312.
953 3283 1110 3352 Scaeua
1134 3289 1246 3350 Donat.
1271 3290 1310 3348 ad
1328 3287 1387 3346 Ter.

272 3395 391 3454 Phorm.
413 3395 463 3468 lv,
489 3399 522 3468 3,
547 3397 603 3455 63:
641 3395 832 3473 „Perspieere
860 3393 928 3453 bine
956 3394 1028 3452 lieet
1055 3392 1303 3454 cousuetudinem
1322 3391 1388 3450 utri·

272 3515 366 3572 usque
390 3497 545 3580 sermonis.
595 3497 670 3556 Nam
692 3496 894 3576 Apollodorus
921 3502 1021 3574 μυρίας
1043 3497 1121 3556 dixit
1140 3515 1198 3575 pro
1221 3497 1334 3568 multis,
1361 3499 1387 3549 et
1446 3487 1447 3526 ³

272 3603 307 3656 ut
329 3597 407 3676 apud
431 3597 549 3657 Graecos
570 3601 662 3676 μύρια,
690 3602 734 3658 ita
755 3581 835 3678 apud
858 3619 911 3658 nos
934 3605 1074 3658 sexcenta
1096 3598 1195 3658 dicere
1218 3619 1276 3676 pro
1299 3597 1386 3657 multis

272 3703 413 3760 usitatum
441 3706 495 3760 est.
546 3701 662 3762 Cicero:
696 3707 836 3762 sexcenta
863 3722 984 3780 possum
1013 3702 1138 3760 decreta
1163 3697 1328 3779 proferre“.
1348 3727 1385 3740 *-

273 3819 351 3882 quae
371 3818 545 3878 mernorem,
567 3806 588 3864 i.
612 3825 636 3864 e.
661 3825 824 3864 memorare
846 3807 967 3883 possim.
991 3833 1030 3843 -
1056 3805 1126 3864 313.
1154 3805 1339 3872 uestrorum,
1360 3819 1384 3856 v·

273 3907 310 3966 ed
332 3905 439 3982 Amph.
466 3907 495 3966 4.
527 3935 555 3946 -
595 3909 666 3967 314.
689 3909 726 3967 tel
753 3907 866 3966 delevit
893 3907 998 3980 Both.;
1031 3907 1150 3966 Mliller.
1174 3912 1207 3966 st
1228 3907 1338 3966 facilius
1358 3905 1384 3957 et

273 4011 439 4070 accuratius
462 4011 493 4068 el
514 4010 692 4069 emendavit.
743 4010 790 4069 Ad
813 4010 911 4068 iurum
935 4010 1119 4068 celeritatem
1142 4009 1249 4087 Wagn.
1273 4005 1383 4068 contult

271 4113 481 4172 Corniculeriee
503 4111 700 4187 fragmentum
720 4112 800 4188 apud
818 4112 894 4172 Non.
913 4134 944 4191 p.
968 4115 1043 4172 134:
1070 4113 1172 4188 „mibi,
1195 4113 1335 4182 Lauerna,
1357 4108 1382 4162 iu

271 4217 360 4276 furtis
394 4217 546 4276 celerassie
576 4213 709 4274 mauus“.
735 4244 772 4256 -
805 4218 875 4276 315.
910 4231 965 4294 090
988 4215 1073 4276 codd.
1097 4215 1146 4276 Sic
1174 4217 1272 4275 oritur
1296 4213 1382 4272 hiatus

272 4321 321 4377 vix
344 4318 493 4392 ferendus,
517 4339 570 4378 nee
592 4320 730 4378 universe
753 4319 871 4378 dicendi
896 4321 972 4377 ratio
994 4320 1104 4397 placet.
1123 4319 1288 4395 Wagnerus
1306 4307 1378 4390 „me‘
