2956 5010
268 473 328 535 558
757 465 896 522 Curculio.

267 661 411 722 exciderit
446 679 567 720 necesse
601 667 657 720 eet.
723 659 796 720 Eine
830 663 896 720 loco
930 661 1042 736 legitur
1071 655 1208 736 Sequere
1234 675 1294 732 me,
1325 680 1380 736 que

266 767 446 843 interpretes
468 783 561 840 puero
584 764 685 840 aliquo
707 763 873 842 pedisequo
897 763 976 824 dicta
1002 769 1128 840 putant,
1158 764 1304 840 talemque
1324 784 1381 841 per·

268 888 369 926 aonam
409 866 513 925 adesse
552 867 643 924 etiam
684 867 715 924 in
750 866 918 926 nominibus
951 885 1047 925 ecanae
1084 868 1296 944 suprascriptis
1324 865 1382 926 edd.

269 971 392 1048 quidam
412 967 591 1044 significent,
616 987 795 1046 quamquam
819 971 882 1028 eine
904 969 1018 1028 nullum
1042 968 1113 1026 alibi
1135 971 1294 1046 vestigium
1315 971 1384 1026 inre

269 1075 352 1132 nitur
374 1091 429 1130 nec
452 1075 574 1131 omnino
604 1073 732 1148 parasiti
762 1077 808 1128 eet
837 1071 1031 1148 pedisequum
1054 1071 1172 1130 babere.
1224 1071 1307 1132 Unde
1329 1076 1385 1130 orta

269 1179 329 1236 nint
346 1175 409 1234 haec
425 1175 526 1247 verba,
549 1179 650 1234 utrum
669 1193 706 1232 ex
722 1193 751 1232 v.
766 1175 827 1232 370
846 1193 884 1232 an
901 1173 1029 1248 aliunde,
1046 1177 1170 1250 ignoro;
1193 1173 1318 1232 delenda
1332 1193 1387 1231 esee

270 1277 394 1337 affumo.
418 1307 461 1316 -
485 1279 556 1336 399.
586 1271 723 1338 Unocule
745 1277 816 1335 olim
840 1275 1041 1348 emendatum,
1071 1282 1106 1334 ut
1128 1297 1156 1336 ι.
1182 1278 1254 1336 394.
1298 1275 1340 1334 De
1359 1296 1387 1332 re

270 1401 297 1440 v.
322 1379 359 1438 ad
391 1380 462 1438 384.
486 1409 527 1420 -
557 1380 627 1438 393.
661 1371 795 1440 Coclites
823 1378 949 1438 Romani
977 1380 1038 1444 τοὺς
1065 1381 1222 1444 Κυιλῶιιας
1249 1379 1387 1444 dicebant,

271 1485 396 1559 antiqno
418 1483 546 1542 neminie
569 1482 756 1553 detorsione,
781 1483 863 1540 cuiue
885 1482 1003 1558 generis
1026 1487 1096 1540 eunt
1118 1481 1300 1553 Catamitus,
1323 1481 1388 1540 ller-

271 1585 365 1657 cules,
388 1583 510 1655 Pollux,
533 1582 651 1656 Ulixes,
675 1583 849 1644 Patricoles.
900 1583 996 1642 Varro
1024 1583 1079 1642 hoc
1107 1603 1214 1663 perum
1238 1583 1388 1650 intellexit,

272 1688 305 1746 L.
320 1687 353 1746 L.
367 1687 432 1760 VII,
445 1689 502 1745 71:
530 1686 585 1758 ,ab
603 1686 689 1746 oculo
702 1686 805 1746 Coelae
822 1691 857 1745 ut
874 1687 953 1744 oolee
971 1685 1077 1758 dictae,
1097 1689 1148 1763 qui
1167 1706 1260 1744 unum
1277 1685 1390 1744 liaberet

272 1787 426 1860 oeulnm“;
450 1794 512 1846 tuni
529 1789 558 1848 b.
578 1789 597 1848 l.
616 1789 713 1848 affert.
757 1785 910 1864 prosapia
932 1794 1002 1848 cett.
1027 1789 1122 1860 eodd.‚
1147 1791 1168 1846 i.
1188 1808 1214 1848 e.
1237 1808 1336 1864 genua,
1357 1787 1390 1844 ci.

274 1893 365 1950 Mero.
381 1893 451 1950 625.
487 1891 655 1950 Obaoletnm
669 1909 770 1950 vocem
783 1896 993 1950 commemorat
1004 1890 1130 1961 Quintil.
1143 1890 1166 1964 1,
1181 1892 1210 1964 6,
1227 1892 1268 1950 40
1280 1897 1311 1948 et
1320 1889 1391 1960 Vlll,

275 1999 302 2068 3,
328 1997 377 2052 20.
400 2023 442 2034 -
466 1994 536 2052 394.
561 1987 594 2051 lu·
617 1992 711 2066 eodd.‚
738 1990 797 2065 ,ir‘
819 1993 885 2050 edd.
906 1997 987 2066 cett,
1012 1993 1057 2052 Fl.
1079 1991 1139 2067 „i“.
1179 2023 1208 2033 -
1229 1988 1288 2052 boc
1308 1989 1394 2052 tuni

274 2096 319 2157 esd
345 2091 435 2168 milei,
470 2096 532 2154 haec
561 2095 650 2173 plaga
678 2095 750 2154 inihi
778 2093 892 2154 inflicta
921 2101 966 2154 eet
1003 2092 1111 2169 (idum
1138 2101 1209 2154 cett.
1234 2092 1330 2162 codd.)
1357 2124 1394 2134 -

276 2202 346 2259 395.
370 2194 470 2275 Apud
482 2191 656 2276 Sicyonem.
696 2198 741 2256 Ibi
753 2204 918 2274 pugnaturn
930 2204 975 2258 eet
994 2219 1011 2256 a
1030 2200 1100 2270 303,
1125 2219 1217 2276 quum
1233 2197 1395 2256 Demetrius

274 2301 435 2360 Ptolemaeo
458 2301 560 2358 urbem
590 2304 736 2378 eriperet,
770 2320 798 2358 v.
823 2300 910 2359 Diod.
934 2300 1005 2373 XX,
1040 2303 1109 2360 102.
1131 2330 1176 2342 -
1203 2296 1291 2361 Nam
1311 2303 1395 2358 inter·

274 2409 362 2478 rogat
384 2409 419 2461 ut
440 2422 468 2462 ι.
496 2404 543 2460 12.
589 2402 683 2475 Quid,
707 2403 819 2479 inquit,
842 2423 908 2460 mea
930 2403 1033 2472 refert,
1058 2409 1157 2462 utrum
1180 2405 1212 2462 in
1234 2403 1313 2462 bello
1335 2421 1396 2460 ceu·

276 2505 335 2564 lum
361 2507 494 2564 amiseris
518 2525 555 2564 an
579 2505 639 2563 olla
661 2506 768 2564 cineris
791 2505 880 2582 plena
902 2503 957 2562 tibi
981 2509 1012 2564 in
1035 2511 1125 2584 caput
1147 2499 1285 2564 inflicta?
1327 2503 1397 2562 llam

275 2609 305 2666 in
328 2607 443 2666 abiecto
467 2606 601 2677 homine,
632 2607 748 2664 servilia
777 2613 829 2666 aut
856 2627 916 2666 non
939 2607 1032 2666 multo
1055 2609 1188 2666 melioris
1213 2607 1397 2674 condicionis,

274 2710 330 2768 hoo
353 2711 453 2788 potius
481 2711 626 2785 suspicari
655 2709 774 2768 licebat.
826 2709 911 2768 Talia
941 2729 1019 2788 saepe
1047 2711 1244 2788 pellebantur
1269 2709 1398 2787 parasiti,

274 2832 302 2870 v.
325 2811 363 2870 ad
387 2811 470 2888 Oapt.
495 2814 545 2870 08.
591 2812 733 2870 Necnon
757 2815 891 2888 agno'eoit
913 2813 968 2870 hoc
991 2815 1056 2890 ipae
1079 2813 1235 2884 Curculio,
1261 2816 1314 2888 qni
1335 2829 1398 2868 vera

274 2935 341 2974 eum
363 2914 526 2993 predicare
550 2914 623 2972 dicit
647 2921 676 2971 et
698 2909 959 2990 superstitiosum,
985 2918 1003 2974 i.
1029 2936 1054 2974 e.
1079 2916 1222 2986 divinum,
1246 2935 1322 2986 esee,
1343 2912 1398 2970 rid.

275 3015 382 3095 Amph.
407 3018 478 3074 319.
502 3047 546 3056 ·—
569 3017 639 3076 398.
664 3001 901 3091 catapultunon
925 3019 1020 3076 solum
1044 3018 1180 3076 machine
1204 3017 1330 3087 dicitur,
1353 3013 1399 3072 sed

274 3121 363 3176 etiam
386 3118 481 3196 pilum
505 3119 734 3197 catapultarium
760 3115 855 3195 (qnod
878 3119 990 3192 legitur
1012 3119 1090 3178 infra
1115 3117 1200 3192 685),
1225 3139 1252 3177 v.
1277 3119 1400 3176 Titinius

274 3221 354 3299 apud
376 3221 454 3280 Non.
477 3241 507 3298 p.
535 3223 611 3280 552:
654 3221 825 3296 „catapulta
853 3219 967 3279 uolat“.
989 3249 1032 3261 —
1054 3215 1146 3280 illaec
1168 3220 1254 3278 codd.
1280 3221 1399 3296 antiqua

272 3323 382 3396 forma,
416 3331 450 3382 ut
482 3320 602 3395 ,haec“.
659 3323 730 3382 Post
767 3319 974 3401 „catapultae“
1005 3324 1106 3382 hiatur
1135 3326 1167 3382 in
1196 3341 1327 3390 caesnrm
1359 3321 1398 3378 Fl.

277 3423 447 3503 „Namque“
464 3427 592 3504 scripsit.
605 3455 647 3464 -
661 3427 732 3484 399.
756 3425 904 3500 Lyconem
916 3433 1013 3500 rogat,
1034 3445 1070 3484 ne
1081 3426 1189 3484 vulnus
1201 3425 1323 3482 fortiter
1333 3441 1399 3501 pug·

272 3528 372 3584 nando
403 3533 557 3605 acceptum
586 3535 616 3585 et
643 3528 724 3604 quod
754 3528 860 3586 honori
889 3527 945 3586 sibi
968 3548 1031 3586 esse
1053 3526 1177 3598 debeat,
1208 3525 1397 3604 obprobrium

247 3658 251 3669 ·
273 3629 363 3688 faciat
379 3635 409 3688 et
425 3631 500 3688 vitio
519 3631 576 3688 sibi
593 3636 699 3690 vertat.
734 3627 828 3702 intus,
853 3632 872 3689 i.
886 3651 911 3688 e.
925 3629 978 3688 sub
991 3629 1091 3688 fascia.
1111 3657 1154 3668 -
1172 3630 1245 3688 400.
1270 3623 1397 3705 iratique,

274 3732 310 3792 cf.
334 3731 403 3790 Tac.
427 3733 504 3790 Anu.
528 3733 566 3806 ΙΙ,
592 3735 626 3792 9:
665 3734 807 3808 „insignis
836 3734 946 3790 amisso
969 3729 1086 3790 oculo“.
1117 3759 1159 3770 -
1188 3722 1399 3796 Incomitiure,

273 3836 391 3911 antiqui
414 3837 559 3894 sermonis
581 3835 720 3907 verbum,
751 3835 830 3911 quod
853 3835 910 3892 hoo
931 3853 990 3892 uno
1013 3834 1080 3892 loco
1103 3839 1200 3904 extet,
1224 3831 1311 3890 Festi
1333 3833 1398 3908 epit.

273 3957 302 4014 p.
329 3939 388 3996 107
416 3935 600 4014 ,significat“
626 3939 725 4012 inquit
751 3937 830 4009 „tale
853 3937 1017 3996 convicium
1046 3935 1158 4006 facere,
1188 3954 1243 4013 pro
1274 3954 1335 4012 quo
1354 3955 1399 3992 ne-

273 4059 352 4098 cesse
376 4041 416 4097 sit
438 4041 469 4097 iu
492 4040 661 4111 comitium,
691 4041 711 4097 i.
736 4058 761 4096 e.
784 4040 816 4096 in
839 4044 1032 4110 conventum,
1062 4035 1201 4110 veniro“;
1236 4057 1303 4114 quae
1327 4055 1399 4111 egre

273 4142 493 4216 intelliguntur.
541 4141 645 4200 Potine
668 4143 854 4200 incomitiare
878 4138 1026 4217 significat
1049 4141 1079 4198 in
1102 4141 1259 4198 comitium
1282 4139 1399 4198 trahere

273 4244 321 4301 vel
343 4244 518 4320 producere,
542 4246 562 4301 i.
580 4263 604 4302 e.
630 4245 730 4301 iuius
753 4263 868 4319 rapere,
892 4263 959 4302 nam
982 4245 1013 4300 in
1036 4243 1157 4300 comitio
1181 4249 1248 4300 erat
1271 4239 1400 4300 tribunal

272 4349 419 4422 praetorie,
432 4365 460 4404 v.
468 4345 506 4404 ad
518 4343 589 4402 469.
620 4344 699 4403 Fieri
711 4350 820 4422 potent,
833 4353 867 4403 ut
880 4345 963 4402 alind
974 4342 1204 4419 significaverit3
1217 4343 1272 4402 aed
1283 4347 1399 4402 mininie
