2922 5006
85 1683 325 1786 Aulularia,
349 1713 386 1773 ab
402 1714 470 1774 auls
487 1707 614 1789 (aulula)
632 1714 694 1772 sive
712 1710 917 1789 olla'(clluls)‚
936 1721 983 1774 est
998 1715 1108 1790 fabule,
1127 1719 1159 1776 in
1176 1739 1237 1795 que

85 1816 128 1874 de
155 1815 226 1875 olla
249 1811 350 1890 agitur
372 1818 438 1874 auri
460 1817 551 1894 plena
580 1817 612 1876 in
641 1816 729 1876 domo
751 1819 893 1894 pauperie
916 1823 948 1876 et
970 1818 1085 1878 sordidi
1108 1819 1235 1881 hominis

82 1919 318 1994 necopinanter
339 1923 468 1996 reperta.
513 1918 618 1978 Euclio
645 1938 736 1978 senex
765 1939 832 1980 cum
860 1921 948 1980 unica
977 1919 1039 1978 filie
1061 1921 1181 2000 inopem
1204 1929 1236 1982 st

85 2023 246 2080 miseram
269 2021 363 2079 vitam
385 2021 462 2096 agit,
491 2040 546 2080 nec
569 2018 706 2100 repertus
734 2024 766 2080 in
794 2021 909 2082 edibus
931 2023 1090 2082 thesaurus
1113 2045 1235 2084 avarum

85 2124 258 2184 hominem
291 2122 444 2199 perducit,
491 2129 526 2182 ut
565 2125 729 2202 quidquam
768 2124 805 2184 de
839 2129 910 2186 vitae
942 2126 1057 2186 ratione
1091 2127 1232 2187 demutet.

82 2227 191 2286 Immo
215 2243 324 2284 aurum
347 2226 435 2285 anxis
457 2232 558 2286 servat
580 2227 656 2286 nihil
673 2231 770 2303 magis
788 2229 903 2288 veritus
925 2247 1023 2306 quam,
1042 2249 1080 2288 ne
1099 2229 1234 2290 homines

83 2333 257 2406 repertum
285 2346 349 2386 esee
377 2329 547 2389 resciscant.
603 2329 726 2390 Servom
755 2332 860 2404 etiem,
894 2339 984 2408 quani
1011 2332 1106 2392 solam
1133 2331 1233 2410 hebet,

83 2452 127 2491 ne
155 2429 238 2510 quid
261 2431 433 2507 comperiat,
463 2431 550 2490 domo
572 2433 680 2492 eiicere
702 2433 789 2507 solet,
819 2437 958 2511 quotiens
979 2434 1087 2494 timore
1109 2441 1235 2495 vexatus

85 2533 253 2611 inspicere
277 2534 367 2608 cupit,
391 2533 543 2592 numella
565 2535 650 2594 salva
671 2535 718 2594 eit.
764 2535 903 2596 Vicinum
924 2535 1018 2596 hebet
1039 2535 1234 2614 Megadorum

86 2637 255 2696 hominem
285 2633 408 2695 divitem
441 2641 472 2696 et
499 2635 646 2710 caelibem,
682 2657 769 2714 quem
802 2639 890 2698 senili
923 2643 1013 2698 etate
1046 2659 1081 2698 so
1117 2643 1233 2698 animus

86 2739 234 2810 induxit,
253 2756 311 2814 quo
328 2757 396 2797 eum
412 2741 524 2798 sororis
535 2738 689 2800 Eunomise
707 2740 871 2800 admonitio
887 2741 1051 2819 perducere
1068 2742 1233 2817 studuerat,

86 2848 125 2902 ut
149 2859 285 2900 uxorem
308 2839 415 2900 ducere
437 2847 568 2919 cuperet.
609 2843 637 2902 Ie
654 2843 809 2903 Euclionis
825 2843 918 2902 filiam
940 2843 998 2904 sibi
1020 2849 1115 2921 optat,
1139 2864 1235 2922 neque

85 2943 229 3014 Euclio,
260 2943 396 3018 quamvis
418 2945 586 3022 suspicetur
608 2965 674 3006 eum
698 2944 766 3006 ideo
790 2947 993 3008 condicionem
1015 2947 1092 3005 hanc
1115 2967 1232 3024 cupere,

86 3047 170 3124 quia
205 3043 379 3104 thesaurum
412 3052 564 3124 repertum
597 3061 661 3107 esse
694 3053 888 3126 compererit,
922 3069 1031 3126 negare
1065 3049 1169 3122 audet,
1205 3055 1235 3108 et

87 3147 196 3208 filiam
221 3147 284 3204 seni
307 3146 474 3225 despondet
495 3150 673 3212 indotatam.
719 3151 840 3229 Nuptiae
862 3152 894 3210 in
916 3151 1042 3210 eundem
1065 3151 1144 3210 diem
1166 3171 1234 3211 con·

86 3253 288 3322 stituuntur,
318 3256 349 3308 et
371 3251 568 3328 Megadorus,
599 3259 633 3314 ut
660 3254 740 3314 laute
769 3259 800 3312 et
827 3273 882 3330 pro
906 3273 959 3312 sue
980 3273 1013 3312 re
1035 3253 1233 3328 celebrentur,

87 3361 121 3414 et
147 3352 278 3412 domum
300 3351 338 3410 ad
360 3375 391 3414 se
414 3361 445 3414 et
466 3358 498 3415 in
520 3355 674 3417 Euclionis
697 3355 776 3416 cedes
798 3358 968 3433 opsonium,
1003 3375 1132 3434 coquos,
1162 3356 1233 3416 tibi·

86 3466 184 3524 cinae
214 3461 318 3519 mittit.
381 3457 525 3519 Euclione
563 3459 686 3518 absente
722 3477 835 3536 coquus
868 3460 899 3518 in
932 3458 1010 3518 sedes
1043 3461 1107 3518 eius
1140 3461 1232 3518 intro-

86 3566 234 3634 ducitur,
258 3563 499 3640 quemdominus
517 3561 612 3620 redux
632 3563 754 3634 veritus,
773 3583 810 3620 ne
826 3562 1001 3622 thesaurum
1012 3562 1094 3621 furto
1107 3563 1232 3636 auferet,

86 3668 179 3728 male
192 3665 355 3726 mulcatum
367 3665 462 3738 eiicit3
486 3666 552 3743 ipse
563 3663 651 3723 ollem
663 3685 700 3724 ex
712 3663 826 3724 aedibus
838 3663 975 3726 effossam
985 3667 1086 3742 potius
1103 3668 1134 3724 in
1146 3664 1234 3726 Fidei

87 3770 163 3831 aede
188 3767 316 3826 condere
339 3773 473 3827 conatur.
530 3767 616 3840 Quod
644 3767 755 3826 factum
783 3787 875 3845 quum
904 3789 963 3828 non
990 3769 1115 3828 latuisse
1137 3771 1232 3846 suspi-

87 3879 196 3943 cetur,
222 3869 312 3928 ollem
335 3869 403 3929 hinc
426 3889 544 3947 qnoque
572 3875 716 3930 remotam
743 3877 828 3928 extra
848 3871 953 3930 urbem
976 3873 1007 3930 in
1030 3870 1143 3930 Silvani
1166 3873 1233 3931 luco

87 3973 229 4034 defodit.
286 3971 359 4046 Sed,
395 3973 447 4050 qui
481 3992 547 4032 eum
581 3973 657 4032 clam
684 3972 912 4047 observaverat,
948 3973 1095 4034 Strobilus
1129 3993 1233 4032 servus

88 4076 234 4150 vestigia
250 4076 313 4134 eius
331 4081 449 4134 secutus
468 4076 558 4135 ollam
576 4075 732 4134 confestim
750 4075 862 4149 effodit,
886 4081 917 4136 et
933 4095 1033 4150 senex,
1056 4077 1233 4134 brevissimo

88 4177 250 4256 temporis
272 4178 431 4238 intervallo
453 4197 607 4250 reversus,
632 4177 762 4238 ablatam
785 4179 876 4238 videt.
928 4177 1102 4238 Eiulantem
1131 4197 1167 4236 ea
1196 4177 1233 4236 de

89 4300 190 4342 causa
214 4283 245 4338 et
267 4279 457 4340 vehementer
480 4285 652 4359 querentem
675 4281 840 4357 Lyconides
863 4282 1026 4358 alloquitur
1048 4281 1232 4352 adulescens,

86 4384 258 4444 Eunomiae
280 4381 368 4443 filius.
422 4383 451 4442 Is
479 4390 549 4442 ante
578 4403 683 4442 novem
711 4403 827 4442 menses
855 4385 885 4442 in
915 4384 1075 4462 pervigilio
1104 4382 1234 4459 quodam
