2928 5010
289 513 348 575 162
801 507 894 562 Plauti
1224 507 1261 578 11,
1272 509 1394 576 tto-tl

786 697 911 780 Hegio

287 806 383 890 [Turn
400 805 502 889 igitur
518 805 548 869 ei
565 825 663 888 quom
679 807 713 869 in
731 803 819 870 Aleis
836 811 932 870 tauta
948 806 1056 888 gratia
1074 812 1135 884 est,
1158 812 1196 870 ut
1213 803 1393 890 praedicas]
1409 810 1414 841 ¹

287 914 372 992 Quid
396 913 540 992 diuitiae,
565 921 684 978 suntne
707 913 857 996 opimae?

716 1019 979 1086 Philocrates
1262 1099 1264 1104 Ι

721 1207 724 1233 ¹
792 1128 885 1194 Unde
909 1135 1074 1213 excoquat
1096 1129 1210 1195 sebum
1235 1149 1337 1195 senex.
1353 1145 1395 1199 tet

785 1236 912 1320 Hegio

220 1433 222 1440 Ι
287 1343 372 1422 Quid
395 1343 511 1428 pater?
534 1344 681 1411 uiuitne?

720 1453 978 1519 Philocrates
1092 1461 1094 1464 ’

707 1561 836 1642 Uiu0m‚
861 1582 959 1644 quom
981 1561 1057 1626 iude
1080 1559 1217 1641 abimus,
1239 1559 1397 1646 liquimus,

285 1667 380 1734 Nune
401 1669 536 1734 uitiatae
558 1690 669 1750 neone,
691 1670 725 1735 id
749 1669 869 1735 Oreum
891 1671 974 1735 scire
997 1676 1128 1754 oportet
1150 1667 1286 1734 scilicet.

743 1777 953 1864 Tyndarus

286 1885 450 1952 Saluares
462 1891 527 1966 est;
545 1883 799 1971 philosophatur
810 1907 940 1971 quoque
951 1887 1026 1966 iam,
1043 1906 1108 1950 non
1121 1885 1261 1951 mendax
1273 1882 1393 1949 modost.

785 1993 916 2076 Hegio

285 2099 370 2178 Quid
395 2107 466 2167 erat
488 2103 518 2167 ei
540 2103 679 2169 nomen?

714 2210 980 2275 Philocrates

740 2316 1303 2403 Thensaurochrysonicochrysides.

786 2444 915 2527 Hegio

284 2551 449 2617 Uidelicet
470 2557 607 2638 propter
629 2551 764 2618 diuitias
785 2551 924 2617 inditum
947 2551 979 2615 id
1002 2569 1122 2616 nomen
1145 2549 1292 2633 quasist?
1354 2563 1399 2616 att
1462 2629 1463 2646 ἶ

719 2682 978 2747 Philocrates
1462 2659 1463 2682 ³

283 2792 384 2856 Immo
408 2791 524 2876 edepol
546 2797 683 2876 propter
705 2791 878 2856 auaritiam
901 2790 1004 2874 ipsius
1026 2793 1126 2871 atque
1149 2787 1335 2866 audaciam

281 2899 363 2964 Nam
387 2899 442 2965 ille
466 2897 596 2982 quidem
618 2899 904 2965 Theodoromedes
927 2897 989 2963 luit
1012 2917 1164 2980 germano
1188 2897 1325 2961 nomine.

780 3029 910 3113 Hegio

282 3137 367 3215 Quid
390 3145 426 3204 tu
450 3137 521 3203 ais?
544 3143 685 3202 tenaxne
708 3145 803 3220 pater
826 3143 877 3202 est
899 3137 992 3202 eius?

712 3267 975 3333 Philocrates

972 3373 1075 3440 Immo
1098 3375 1215 3458 edepol
1238 3375 1397 3460 pertinax;

282 3487 366 3564 Quin
386 3487 485 3550 etiam
502 3491 541 3549 ut
558 3486 661 3567 magis
677 3503 805 3562 noscas,
827 3485 922 3567 genio
935 3505 994 3549 suo
1006 3483 1062 3549 ubi
1075 3483 1206 3566 quando
1220 3481 1396 3558 sacruficat‚

281 3594 328 3658 Ad
351 3615 419 3657 rem
442 3591 587 3658 diuinam
610 3591 729 3675 quihus
752 3601 804 3656 est
827 3613 917 3676 opus,
942 3591 1059 3658 Samiis
1082 3593 1173 3657 uasis
1196 3592 1311 3672 utitur,
1351 3603 1398 3658 29⁰
1460 3647 1461 3686 ἐ

280 3701 327 3766 Ne
350 3703 419 3784 ipse
441 3701 556 3785 genius
578 3700 757 3784 subripiat;
779 3701 916 3784 proinde
939 3700 1012 3766 aliis
1036 3707 1072 3764 ut
1095 3683 1208 3764 credat
1230 3700 1314 3765 uide.

778 3829 903 3914 Hegio

278 3937 422 4021 Sequere
444 3939 507 4004 hac
530 3959 580 4004 me
602 3939 710 4021 igitur.
745 3939 870 4005 Eadem
893 3961 953 4024 ego
976 3959 1017 4005 ex
1039 3938 1110 4020 hoc,
1133 3960 1219 4022 quae
1238 3937 1322 4016 uolo,
1344 3955 1393 4000 ex·

994 4049 1199 4132 quaesiuere.
1222 4082 1265 4092 -

345 4303 396 4356 aad
414 4307 516 4358 suntne
534 4305 649 4371 optume
730 4303 779 4356 281
798 4303 917 4357 abiimus
1005 4303 1056 4358 282
1074 4303 1152 4356 niusa
1169 4319 1258 4356 necne
1343 4293 1390 4348 284

278 4385 441 4442 Thensauro
460 4387 625 4456 chrysonioo
643 4387 789 4443 chrnsidea
858 4391 908 4443 287
925 4387 983 4443 illic
