2956 5010
551 523 579 574 v.
599 525 741 576 rar-rra.
1149 508 1214 590 50'5

83 717 272 774 redeundum
297 723 327 774 61
351 737 426 774 nova
449 719 600 775 servitutis
624 719 710 775 initia
732 717 792 774 sive
816 719 947 794 auspicia
964 715 1111 792 capienda
1130 727 1211 777 sunt.

83 815 290 894 excorepicaai
301 821 397 877 activa
409 821 511 892 forma,
525 829 559 878 at
571 821 630 878 alia
643 820 721 897 apud
734 823 880 896 antiquos,
894 819 954 878 vid.
964 818 1000 876 ad
1014 819 1121 895 Amph.
1137 821 1208 878 817.

173 925 244 980 762.
280 921 431 979 Parasitus
454 929 609 1000 postquam
639 924 716 999 apud
746 929 867 999 portum
891 921 1127 998 Philopolemum
1151 943 1211 980 una

83 1047 151 1084 cam
169 1025 338 1082 Philocrate
356 1025 528 1082 redeuntem
546 1023 636 1096 vidit,
660 1025 769 1102 gaudio
787 1026 881 1084 slatus
906 1023 1067 1098 Hegionem
1085 1031 1213 1102 propter

83 1129 235 1189 nuntium.
260 1147 346 1203 quern
371 1128 397 1183 ei
421 1127 564 1186 allaturus
588 1133 640 1196 est,
665 1133 804 1185 aternam
823 1127 878 1184 sibi
898 1127 1022 1202 gratiam
1043 1127 1207 1186 relaturam

81 1237 198 1306 sperat.
232 1229 427 1305 Soliloquium
451 1231 555 1307 incipit
571 1247 590 1286 'a
610 1229 724 1287 duobus
742 1231 922 1306 septenariis
941 1229 1115 1300 trochaicis3
1139 1229 1208 1288 inde

82 1334 232 1390 transitur
254 1334 284 1388 ia
307 1332 432 1389 iambica
454 1339 624 1406 systemata,
649 1333 811 1389 octonariis
829 1332 985 1406 descripta,
1011 1331 1090 1408 quod
1110 1351 1210 1390 nume·

82 1455 187 1494 rorum
211 1453 303 1508 genus
325 1435 466 1508 gaudenti
490 1437 675 1512 aptissimam
699 1442 751 1505 661,
784 1435 819 1492 cl.
840 1435 916 1491 Mea.
941 1435 998 1492 128
1018 1455 1082 1510 sqq.
1118 1433 1209 1492 Stich.

84 1541 147 1596 273
173 1559 237 1614 sqq.
280 1535 397 1594 Malla.
421 1536 542 1595 Prosod.
567 1557 595 1612 p.
624 1539 678 1594 191
713 1539 810 1594 omnia
833 1537 981 1594 trochaica
1004 1537 1100 1594 facere
1124 1557 1210 1594 cona·

81 1649 151 1712 tur3
187 1639 375 1697 verisimilius
399 1638 581 1698 Fleckeisen.
606 1639 718 1696 iambos
747 1642 901 1696 continuat
930 1640 973 1695 ita
1000 1643 1034 1696 ut
1055 1659 1082 1696 v.
1107 1640 1168 1697 766
1193 1619 1217 1696 a*

82 1745 235 1819 principio
271 1741 376 1798 addat:
415 1741 538 1802 ..Saluos
574 1741 667 1810 sam“,
704 1745 764 1800 769
797 1739 898 1816 ,,116“;
933 1740 986 1797 sed
1018 1743 1118 1818 potius
1152 1744 1212 1799 tria

82 1853 250 1921 systemata
279 1843 487 1920 distinguenda
509 1853 590 1914 sant,
623 1865 746 1921 quorum
776 1843 834 1902 duo
862 1847 966 1920 priora
988 1841 1147 1915 (763-65
1179 1849 1211 1900 61

84 1943 249 2018 766-66)
275 1966 311 2003 ex
333 1947 503 2024 septenario
527 1945 678 2004 trochaico
703 1953 732 2003 et
755 1947 869 2004 duobus
889 1947 1051 2004 octonariis
1077 1945 1211 2003 iambicis

83 2053 232 2120 constant,
257 2053 377 2107 tertium
403 2045 577 2122 (769-74)
603 2070 638 2106 ex
661 2053 830 2124 septenario
855 2048 1003 2106 trochaico
1027 2053 1056 2104 et
1079 2049 1218 2123 quinque¹

84 2153 220 2210 iambicis
243 2153 415 2210 octonariis.

173 2255 244 2312 763.
281 2247 452 2313 Maxumas
475 2251 665 2328 opimitates,
697 2255 732 2313 61.
757 2255 839 2312 Α616.
855 2255 941 2326 780,
966 2257 996 2310 et
1019 2272 1067 2310 eas
1091 2249 1210 2328 quideui

83 2355 249 2434 opiparas,
284 2359 302 2414 i.
332 2376 356 2415 e.
386 2357 466 2414 laute
495 2361 631 2434 paratas,
663 2359 720 2415 sibi
749 2358 907 2434 promittit.
960 2355 1042 2414 Bona
1070 2375 1134 2413 curn
1165 2354 1211 2411 his

82 2462 246 2518 coniuncta
265 2463 477 2516 enumerantur
499 2461 627 2518 rotundo
650 2481 711 2530 ore,
736 2459 788 2518 sed
813 2459 892 2518 nullo
912 2459 1023 2517 ordine.
1070 2437 1211 2516 Laudem

84 2559 176 2634 (764)
208 2561 276 2620 boni
310 2564 407 2619 nuntii
436 2561 599 2639 significat;
628 2579 780 2638 pompam
809 2559 897 2636 (765)
927 2581 991 2638 qaae
1024 2563 1054 2618 iu
1086 2559 1151 2617 foro
1181 2567 1211 2617 et

84 2665 211 2724 macello
236 2671 406 2742 comparata
434 2671 520 2738 sunt,
555 2685 582 2722 v.
606 2665 643 2722 ad
669 2666 772 2724 Bacch.
802 2667 869 2724 112.
892 2695 934 2705 -
963 2665 1033 2722 766.
1059 2659 1135 2734 iace,
1165 2662 1213 2720 hi·

83 2767 247 2844 syllabam,
283 2787 383 2825 versus
413 2787 500 2825 causa
524 2769 624 2824 addidi
649 2789 712 2826 cum
736 2767 830 2844 Gepp.
856 2767 974 2826 1161166.
998 2765 1047 2824 Br.
1074 2795 1113 2804 -
1137 2767 1208 2824 767.

87 2869 243 2944 „Potentia
266 2870 391 2927 hominis
414 2877 459 2927 est
480 2875 639 2947 atrumque
663 2870 778 2929 efficere
795 2889 881 2947 posse
902 2877 932 2926 et
950 2872 1051 2926 amicis
1069 2867 1212 2944 prodesse

83 2975 261 3030 etinimicis
280 2955 413 3032 obesso“.
428 2973 529 3030 Lamb.
549 3003 591 3012 -
609 2976 680 3032 768.
705 2968 886 3030 anroenitate
904 2985 1032 3029 casceca
1052 2983 1208 3042 amoenas,

84 3075 121 3134 cf.
147 3075 194 3132 ad.
218 3076 324 3151 Amph.
350 3077 419 3134 274.
467 3075 617 3133 Extrema·
636 3095 736 3132 vorsus
765 3095 822 3132 vox
850 3076 880 3131 in
903 3071 988 3130 codd.
1013 3077 1058 3128 est
1083 3065 1209 3145 „mihi“;

83 3177 137 3236 sed
163 3177 232 3234 olim
256 3179 439 3237 intellectam
464 3186 509 3236 est
533 3173 600 3236 61666
630 3177 801 3236 desiderari.
834 3207 873 3216 -
902 3177 973 3233 769.
1005 3167 1081 3232 Sine
1108 3167 1212 3232 666616

76 3260 253 3351 hereditat,
278 3281 314 3339 61.
338 3279 419 3339 Tria.
444 3283 520 3340 484:
561 3279 657 3350 „Cena
679 3280 733 3338 hac
757 3285 902 3338 annonast
924 3279 987 3335 sine
1011 3277 1103 3334 sacris
1125 3275 1210 3333 here·

84 3379 198 3441 ditas“.
255 3382 333 3442 17661.
356 3405 386 3460 p.
412 3385 488 3442 290:
528 3385 558 3441 in
586 3382 744 3460 proverbio
772 3383 829 3441 dici
860 3382 951 3450 solet,
988 3375 1065 3452 [eum
1094 3377 1211 3455 aliquid

84 3481 256 3558 obvenerit]
291 3486 354 3543 sine
388 3485 449 3544 ulla
482 3485 659 3544 incommodi
694 3485 871 3563 appendice;
907 3479 986 3559 quod
1020 3481 1090 3540 olim
1125 3481 1210 3539 66666Ι

84 3609 147 3646 666
172 3589 266 3646 solam
297 3587 416 3664 publice
440 3591 637 3647 curiosissime
660 3587 925 3656 administrabant,
961 3583 1014 3642 sed
1037 3587 1126 3642 etiam
1149 3585 1210 3660 pri·

84 3697 171 3760 vata,
207 3691 386 3767 relictusque
417 3691 502 3748 heres
525 3695 602 3749 sicut
624 3693 754 3769 pecuniae
779 3694 868 3748 etiam
892 3707 1039 3746 sacrorum
1064 3694 1143 3758 erat,
1177 3694 1213 3746 61

88 3813 124 3850 ea
148 3791 373 3865 diligentissime
397 3793 590 3852 administare
614 3802 692 3852 esset
716 3789 942 3852 necessariam“.
988 3788 1030 3847 cf.
1055 3789 1114 3847 Cic.
1139 3789 1210 3866 Leg.
1251 3769 1255 3776 .

84 3895 123 3966 11,
152 3895 199 3965 19,
224 3897 263 3951 47
287 3915 351 3972 sqq.
375 3927 417 3936 —
440 3899 511 3954 771.
537 3892 627 3970 16666
650 3917 703 3954 em.
727 3897 856 3955 Reizius.
879 3924 921 3935 —
950 3894 1021 3951 779.
1053 3891 1212 3950 66616666

86 3997 148 4069 est,
179 4002 291 4054 certum
315 4003 368 4055 est.
414 3997 463 4057 Br.
488 3998 603 4056 confert
625 3998 731 4074 Amph.
759 3999 848 4058 1064.
893 3995 1071 4055 6616246.
1117 3993 1207 4052 Mero.

86 4101 160 4159 463.
223 4099 306 4157 Serri
345 4103 376 4158 in
416 4099 566 4158 comoediis
600 4099 651 4159 ubi
686 4109 879 4179 properantes
908 4097 1099 4168 exhibentur,
1134 4095 1210 4155 nihil

86 4203 246 4272 omittant,
282 4203 360 4259 unde
391 4207 563 4279 properatio
595 4213 744 4279 appareat,
781 4205 839 4262 vid.
865 4205 969 4281 Amph.
1000 4207 1060 4264 977
1092 4225 1115 4262 c.
1146 4211 1209 4263 not.

86 4305 221 4363 Primum
238 4299 391 4378 palliam,
417 4327 451 4362 66
474 4307 687 4383 impedimento
711 4309 764 4379 sit,
788 4301 949 4383 collimant,
973 4329 999 4364 v.
1026 4309 1101 4379 783,
1127 4313 1157 4364 61
1179 4309 1210 4365 16

83 4407 243 4466 humerum
263 4410 433 4480 subiiciunt,
457 4407 493 4467 cf.
508 4407 594 4484 Epid.
611 4411 684 4467 191:
712 4409 883 4486 „palliolum
903 4414 933 4468 in
953 4410 1059 4468 collam
1078 4405 1212 4469 conice“.
