2932 5010
255 463 316 525 304
476 439 480 448 “
634 497 636 502 .
738 457 889 512 iniussa

252 653 320 731 plue
344 672 433 730 qnam
455 656 603 731 poetieam
627 651 798 731 appellavit.
850 652 1055 714 Franckenius
1076 661 1178 716 tamen
1200 655 1325 714 eandem
1347 661 1375 712 et

252 758 430 834 scripturam
453 761 484 816 et
506 757 725 816 enarrationem
748 757 952 832 amplectitur3
980 757 1145 834 Wagnerus
1167 777 1249 830 vero,
1275 777 1373 835 qnam·

251 861 297 918 vis
322 855 487 936 „tigillum“
512 858 637 932 scribat,
672 858 775 918 eodem
804 858 891 917 modo
922 865 1050 919 enarrat.
1073 890 1116 900 -
1139 863 1210 922 295.
1244 859 1322 920 Non.
1345 879 1372 936 p.

252 963 328 1020 234:
355 983 410 1034 „ne
434 960 507 1038 quid
528 961 634 1020 animae
652 961 769 1020 emittat
791 957 979 1035 dormiens“;
1002 981 1103 1039 prave.
1125 991 1168 1004 -
1191 965 1263 1022 296.
1294 957 1372 1038 inse-

250 1061 365 1124 tuorem
390 1063 548 1140 quaem
575 1063 684 1122 nomine
706 1083 795 1122 annm
817 1063 900 1124 dicit.
944 1063 1104 1124 Masoulini
1126 1067 1244 1140 generis
1268 1084 1373 1124 nomen

250 1173 297 1226 est
324 1169 414 1226 etism
436 1165 518 1226 Trin.
545 1163 635 1225 1014.
685 1165 750 1226 Mil.
781 1168 852 1226 834.
902 1165 976 1226 Rem
1006 1173 1237 1228 commemorant
1264 1168 1373 1227 locum·

250 1289 308 1346 qne
335 1269 461 1327 landant
488 1273 519 1326 rt
543 1267 658 1326 Nonius
685 1287 715 1345 p.
740 1269 799 1328 207
830 1273 861 1326 et
887 1269 1057 1330 Priscianus
1086 1269 1125 1343 V,
1155 1271 1206 1330 21.
1229 1301 1274 1312 -
1303 1273 1371 1330 297.

249 1367 301 1432 Ne
324 1365 400 1448 quid
421 1375 477 1430 ete.
522 1367 651 1446 Congrio
679 1373 795 1446 repetit
816 1369 940 1430 Strobili
969 1372 1063 1431 verba
1090 1393 1151 1433 non
1179 1376 1244 1434 sine
1272 1376 1373 1452 lepore

250 1473 387 1552 quodam,
412 1491 590 1551 quamquam
613 1472 675 1532 haee
697 1475 838 1550 repetitio
860 1473 1001 1534 Bothium
1023 1476 1066 1533 ita
1088 1475 1221 1549 offendit,
1244 1483 1281 1536 nt
1297 1476 1372 1538 hune

250 1597 364 1637 versum
389 1576 522 1652 spurium
544 1573 677 1634 haberet.
721 1573 813 1648 Legit
840 1595 911 1634 vero
933 1577 995 1636 inm
1017 1576 1187 1638 Priscianus
1209 1580 1230 1638 l.
1254 1580 1293 1653 1.,
1321 1600 1372 1640 nec

250 1679 411 1740 difficulter
432 1695 622 1738 numerorum
644 1675 774 1736 defectui
795 1680 987 1752 snoourritur,
1012 1681 1075 1738 sive
1093 1699 1159 1740 eum
1176 1680 1211 1740 G.
1224 1681 1249 1740 I.
1268 1682 1372 1742 Vossio

252 1777 398 1854 „animai“
412 1782 503 1856 legas,
527 1781 590 1838 sive
608 1778 743 1838 voculam
762 1778 865 1852 addas,
888 1779 1074 1841 utGuietns:
1101 1783 1162 1855 „Ne
1181 1784 1255 1860 quid
1270 1786 1372 1844 animo
1449 1805 1450 1848 3

248 1883 316 1943 illae
331 1880 439 1956 forte“‚
463 1881 613 1941 Gertaius:
640 1881 703 1954 „Ne
721 1901 757 1940 ea
779 1879 882 1958 quid“,
908 1888 961 1942 ant
982 1887 1013 1944 in
1036 1887 1184 1963 principio
1197 1873 1316 1958 'versun
1339 1893 1370 1945 nt
1449 1877 1450 1890 ¹

247 1989 428 2064 antiquiores
454 1983 579 2058 „Tum“‚
608 1983 732 2058 niuei„
755 1983 838 2043 Neue
859 1983 932 2046 Exn.
954 1985 984 2060 Ι,
1012 2007 1043 2064 p.
1075 1988 1115 2048 49
1142 1985 1238 2060 „lbi“,
1268 1987 1370 2065 Wagn

250 2089 349 2164 „sila
374 2083 479 2160 Cur?“‚
503 2092 538 2146 ut
558 2085 633 2146 nihil
655 2086 775 2146 omnino
798 2085 918 2146 differat
940 2108 958 2146 a
980 2108 1008 2148 v.
1032 2090 1103 2148 295.
1126 2119 1170 2130 -·-
1193 2092 1266 2150 298.
1291 2090 1368 2150 Stro-

246 2191 325 2250 bilns
348 2190 440 2250 rideri
462 2209 493 2248 se
515 2208 592 2266 egre
614 2189 713 2248 ferens
739 2185 821 2261 „Tu“
846 2190 946 2267 inquit
971 2190 1015 2264 „si
1037 2190 1095 2250 tibi
1117 2191 1198 2251 orodi
1222 2193 1278 2264 vis,
1302 2192 1370 2250 mihi

247 2313 364 2371 quoque
392 2291 495 2352 eredas
522 2288 672 2371 oportot“.
716 2289 760 2350 cf.
789 2289 881 2350 Poen.
905 2291 981 2350 488:
1020 2293 1087 2368 „An
1113 2293 1199 2362 mihi
1214 2294 1288 2354 haee
1315 2313 1370 2354 uon

247 2393 365 2454 credis?
400 2395 460 2455 LY.
484 2393 579 2452 Credo
602 2397 636 2452 ut
657 2392 730 2452 mihi
753 2397 908 2470 aequomst
931 2392 1075 2455 eredier“.
1109 2395 1221 2454 Versus
1238 2397 1270 2454 in
1288 2395 1370 2456 codd.

248 2503 405 2574 corruptus
427 2503 482 2562 est.
514 2497 549 2554 in
564 2497 712 2572 principio
729 2494 769 2554 B:
795 2487 872 2568 Nec,
897 2497 1025 2573 quodsi
1048 2517 1151 2556 verum
1174 2503 1230 2570 est,
1254 2518 1370 2558 neeesse

248 2605 296 2658 est
317 2620 373 2676 pro
396 2600 432 2658 ut
453 2599 578 2656 alterum
600 2593 690 2671 „neo“
715 2604 853 2675 ponatur,
878 2599 959 2675 qnod
982 2619 1036 2658 neo
1059 2619 1114 2678 per
1136 2619 1168 2660 se
1190 2603 1256 2658 veri
1279 2601 1371 2660 simile

248 2709 294 2760 est
315 2721 369 2760 nee
392 2719 509 2760 sensum
526 2701 600 2760 sotis
616 2701 804 2760 commodum
820 2701 944 2778 praebet.
979 2701 1014 2760 ln
1030 2701 1058 2760 D
1075 2705 1244 2780 ueterisque
1265 2701 1367 2776 „llno“
1448 2763 1449 2770 χ

246 2809 412 2862 correctum
436 2807 495 2875 est¹
524 2801 605 2878 quod
625 2807 787 2862 tenuerunt
809 2803 886 2875 edd.‚
910 2805 992 2864 velut
1014 2803 1181 2864 Cameren:
1222 2805 1322 2877 „Haec
1341 2811 1370 2864 te

246 2906 319 2966 mihi
342 2905 518 2982 sicuttibi
542 2925 588 2964 me
610 2924 735 2981 aequom
758 2910 807 2963 est
830 2905 983 2966 eredere“.
1033 2905 1091 2966 Sed
1113 2911 1196 2966 reete
1219 2908 1369 2967 Acidalius
1403 2979 1408 2988 ι

245 3009 456 3068 animadvertit
476 3007 624 3085 pluralem
651 3005 765 3080 „Haee“
791 3007 864 3066 ferri
886 3027 947 3066 non
969 3029 1072 3086 posse;
1102 3029 1287 3088 quamquam
1310 3013 1369 3087 ipse

244 3112 396 3185 licentius,
424 3131 480 3170 neo
508 3109 686 3184 elegantius:
723 3109 806 3182 „Hoc
834 3113 930 3168 mitte.
974 3109 1010 3170 Id
1032 3117 1067 3170 ut
1088 3113 1161 3170 mihi
1183 3117 1224 3186 te,
1248 3112 1305 3171 tibi
1326 3131 1368 3170 me

245 3233 369 3291 aequom
397 3219 442 3274 est
464 3212 595 3272 eredere.
630 3207 755 3271 Crede“.
800 3211 992 3272 Recentiores
1022 3215 1112 3273 etiam
1139 3215 1368 3291 comparationis

245 3317 378 3375 membra
400 3319 617 3394 permutarunt,
641 3319 675 3374 ut
691 3313 813 3392 Wagn:
839 3313 940 3390 „Haeo
961 3321 997 3374 ut
1016 3315 1090 3374 mihi
1113 3321 1151 3390 te,
1174 3317 1235 3375 tibi
1256 3337 1305 3376 me
1325 3320 1368 3374 est

244 3437 371 3494 aequom
394 3416 544 3476 crederet
590 3416 717 3490 Ritsoh.,
740 3416 823 3476 Neue
845 3416 977 3477 Exeurse
999 3416 1022 3491 Ι,
1046 3437 1075 3495 p.
1094 3419 1134 3478 49
1157 3419 1249 3478 etiam
1273 3425 1366 3478 trans·

243 3519 397 3596 ponendos
419 3539 521 3578 versos
543 3520 673 3578 censuit:
713 3518 812 3593 „suli
836 3519 930 3580 Immo
953 3519 1091 3598 equidem
1114 3520 1214 3580 eredo.
1250 3519 1307 3580 CO.
1328 3519 1366 3578 ht

244 3623 306 3679 sein
329 3621 420 3679 etiam
444 3619 614 3696 quomodo?
649 3619 731 3680 STR.
755 3621 818 3680 Hoc
840 3621 897 3680 tibi
918 3641 965 3682 me
987 3629 1022 3683 ut
1043 3623 1117 3682 mihi
1138 3622 1191 3682 ted
1213 3627 1366 3701 aequomst

244 3723 334 3784 credo
348 3719 498 3782 credero“.
533 3723 669 3782 Miller:
697 3723 796 3796 „Haeo
813 3725 856 3784 sie
872 3724 929 3784 tibi
946 3745 1003 3800 me,
1026 3731 1062 3786 nt
1074 3725 1146 3786 mihi
1158 3731 1191 3784 te
1202 3729 1363 3804 aequomst,

244 3826 332 3886 eredo
352 3822 503 3884 eredere“.
547 3825 615 3886 Non
639 3824 917 3886 animadverterunt
938 3822 1040 3889 Immo
1066 3833 1130 3888 tum
1153 3827 1274 3888 demum
1296 3827 1361 3888 ferri
1447 3893 1448 3902 χ

243 3947 344 4003 posse,
375 3930 400 3988 si
422 3925 571 3988 Strobilos
600 3933 723 4005 questus
752 3930 792 3987 sit
814 3947 940 4007 coquum
962 3949 1068 4007 parum
1091 3931 1148 3990 sibi
1171 3931 1309 4004 eredere,
1334 3949 1360 3986 v.
1447 3939 1448 3962 ¹

242 4031 321 4090 infra
342 4030 380 4090 ad
402 4051 431 4090 v.
455 4032 527 4091 774.
578 4030 686 4090 Hiatus
708 4036 777 4106 post
798 4046 846 4090 me
868 4051 982 4090 eaesura
1003 4031 1188 4108 defenditur3
1224 4035 1278 4094 sed
1298 4031 1362 4092 tolli

241 4135 345 4211 possit,
369 4135 395 4192 si
418 4139 470 4192 aut
495 4128 600 4206 „med“
626 4131 738 4192 scribas
760 4140 813 4194 ant
836 4141 901 4209 „est
923 4131 1079 4212 aequom“.
1097 4163 1140 4176 -
1159 4137 1232 4196 299.
1255 4134 1360 4196 Similis

242 4235 340 4296 hiatus
369 4238 447 4294 inter
476 4234 602 4294 duarum
630 4255 822 4313 personarum
850 4237 949 4298 verba.
996 4233 1041 4298 At
1073 4234 1141 4300 Stin
1168 4235 1263 4300 etiam
1290 4251 1361 4314 quo·

242 4332 356 4398 modo?
389 4338 425 4398 cf.
448 4337 488 4398 ad
509 4337 617 4416 Amph.
643 4341 719 4412 352,
749 4359 839 4416 supra
860 4359 888 4398 v.
912 4342 968 4414 47;
1004 4341 1057 4400 sed
1078 4341 1203 4400 verbnm
1227 4343 1359 4402 omissum
