2922 5006
248 488 309 548 276
734 481 883 536 Aulularia.

249 677 376 753 „alicubi
398 679 428 734 in
452 678 512 734 solo
536 677 664 736 abstrusi
687 674 784 736 loco“.
814 677 853 735 ib.
880 678 974 736 1007:
1009 676 1057 748 ,in
1080 675 1204 734 cerebro
1229 675 1369 752 colaphos

246 779 417 838 abstrudam
444 777 528 838 tuo“.
561 808 596 818 -
628 783 656 837 7.
691 779 763 837 Post
793 771 840 838 Re
868 778 981 850 hiatus,
1015 777 1133 836 Miller.
1164 780 1366 854 „inspectata'

246 881 423 958 corrigebat.
442 911 483 922 -
506 885 534 942 8.
557 877 668 956 sumit,
692 901 719 940 v.
744 880 862 956 Prolsg.
886 901 915 958 p.
940 882 1011 940 210.
1029 910 1071 920 -
1093 875 1167 952 illic,
1193 879 1369 955 Lyconides.

245 999 320 1056 rem,
344 988 509 1060 pecuniam.
528 1013 569 1024 -
587 986 615 1043 9.
638 978 713 1060 filio,
739 985 821 1042 cuius
844 985 907 1060 ipse
931 989 1017 1058 pater
1041 989 1114 1040 erat.
1158 981 1201 1040 De
1229 982 1267 1056 et,
1292 981 1371 1059 quod

247 1087 405 1158 antecedit,
430 1086 489 1145 vid.
514 1085 551 1144 ad
574 1087 656 1144 Asin.
683 1088 752 1144 564.
1449 1053 1450 1080 ¹

712 1529 904 1598 Prologuna

247 1684 410 1743 Aulularia
433 1689 464 1744 in
487 1683 708 1758 Prolegomenis
731 1701 760 1758 p.
788 1683 845 1740 162
870 1683 906 1740 iis
930 1681 1204 1754 adnumeravimus,
1236 1701 1307 1759 quos
1333 1684 1370 1738 aii
1450 1737 1451 1776 ,

248 1789 314 1862 ipso
348 1786 453 1845 Plauto
488 1786 658 1846 abiudiccre
692 1803 749 1842 non
783 1783 932 1842 audemus.
995 1784 1082 1842 Parvi
1117 1787 1194 1842 enim
1230 1788 1371 1842 momenti

247 1888 376 1961 videtur,
400 1887 481 1964 quod
504 1887 653 1961 Wagnero
676 1885 846 1962 scrupulum
869 1888 969 1957 movit,
994 1886 1133 1964 prosodia
1156 1889 1239 1946 vocis
1260 1907 1370 1960 „euon-

248 1989 337 2062 culi“,
373 2010 438 2067 ques
467 1992 498 2048 in
525 1989 641 2065 prologi
663 2008 691 2047 v.
717 1991 756 2047 35
780 1988 906 2047 alteram
929 1988 1047 2062 longam
1070 1989 1174 2060 habet,
1210 1991 1241 2048 in
1271 1995 1369 2047 cetera

247 2091 362 2165 fabula,
398 2095 469 2152 677.
498 2093 570 2150 771.
600 2091 676 2162 792,
711 2089 857 2174 breuem,¹
884 2091 919 2149 of.
949 2089 1063 2164 Proleg.
1093 2110 1122 2169 p.
1148 2093 1208 2150 203
1240 2099 1269 2150 et
1299 2095 1370 2150 214.

249 2193 335 2265 Quod
359 2201 457 2252 autem
484 2194 600 2272 prologi
628 2199 731 2269 partes
753 2195 816 2269 agit
839 2191 898 2250 Lar
920 2191 1089 2265 familiaris,
1118 2195 1149 2251 in
1172 2197 1255 2254 cuius
1277 2196 1371 2252 tutela

247 2295 352 2354 domus
375 2295 528 2355 Euclionis
552 2303 610 2366 est,
645 2294 724 2370 apud
748 2293 883 2353 Graecum
912 2301 1031 2372 poetam
1055 2299 1080 2354 si
1103 2295 1207 2354 similis
1232 2297 1370 2373 prologus

248 2397 320 2468 fuit,
356 2397 430 2454 alins
454 2397 501 2456 dei
525 2415 643 2455 necesse
666 2403 711 2454 est
733 2396 824 2454 fuerit
847 2397 958 2468 oratio,
987 2397 1070 2455 velut
1092 2398 1251 2470 Mercurii,
1288 2403 1370 2457 cuius
1451 2375 1452 2380 ἵ

249 2498 394 2557 beneficio
412 2499 546 2571 debetur,
564 2496 709 2574 quidquid
726 2505 837 2574 practer
854 2499 1021 2574 opinionem
1040 2502 1207 2576 acquiritur
1224 2499 1368 2576 (ἕρμαιον),

249 2607 284 2658 ut
311 2601 492 2673 Francken,
527 2608 579 2659 aut
611 2602 682 2656 θεοῦ
710 2600 834 2658 alicuius
865 2604 1005 2677 πατρώου,
1040 2608 1074 2660 ut
1102 2603 1242 2678 Wagner.
1267 2604 1370 2662 voluit.

250 2701 372 2780 Prologi
394 2709 530 2761 ornatum
553 2703 645 2760 fuisse
663 2701 840 2760 crediderim
859 2705 887 2762 ei
904 2705 1040 2777 similem,
1065 2725 1123 2782 quo
1142 2705 1263 2765 indutos
1283 2705 1370 2764 Lares

251 2813 282 2862 et
305 2806 336 2862 in
359 2805 524 2881 parietibus
547 2806 643 2882 pictos
667 2809 697 2861 et
714 2823 750 2862 ex
766 2823 824 2861 aare
841 2805 922 2864 lusos
941 2807 1044 2866 ridere
1061 2807 1196 2878 solemus,
1221 2817 1255 2866 ut
1273 2808 1370 2864 adule-

249 2927 335 2965 scens
358 2908 504 2984 prodierit
527 2907 672 2981 caligatus
695 2913 725 2963 et
747 2905 806 2964 alte
829 2909 1004 2966 succinctus.

339 3011 364 3068 l.
400 3005 522 3070 Mirari
544 3016 660 3068 veteres
683 3028 737 3085 pro
764 3009 915 3082 „nescire“
939 3013 1074 3088 posuisse
1092 3012 1227 3071 Donatus
1251 3015 1288 3070 ad
1305 3013 1368 3069 Ter.

250 3113 419 3196 Andr3750
439 3109 577 3186 („Mi1·or,
601 3111 679 3169 unde
697 3107 770 3183 sii“)
794 3117 896 3170 nostro
920 3113 986 3172 loco
1010 3115 1101 3172 allato
1125 3115 1267 3182 adnotat;
1291 3133 1369 3172 accu-

251 3217 345 3273 ratius
368 3215 500 3291 Siesbye.
527 3216 558 3272 in
587 3213 744 3290 Opusculis
772 3213 810 3272 ad
834 3213 1018 3292 Madvigium
1048 3237 1066 3274 a
1094 3215 1249 3293 discipulis
1278 3218 1368 3274 missis

250 3337 280 3393 p.
305 3319 375 3376 248.
404 3347 446 3357 -
475 3319 502 3375 2.
537 3311 608 3394 Ego
630 3331 701 3375 sum
722 3309 803 3387 Lar,
841 3317 896 3374 hoo
924 3317 1029 3376 ordine
1052 3319 1143 3378 verba
1165 3321 1288 3378 laudant
1310 3317 1369 3376 Pri·

250 3419 366 3476 scianus
390 3418 438 3491 VI,
464 3421 502 3478 32
527 3425 558 3477 et
575 3419 689 3476 Probus
711 3439 740 3494 p.
763 3421 809 3489 15,
836 3421 852 3476 7
872 3418 964 3492 Keil,
988 3441 1042 3480 nos
1064 3421 1272 3480 Plautinosum
1293 3419 1367 3479 codi-

252 3539 316 3577 cum
340 3519 474 3578 ordinem
497 3523 682 3579 retinuimus.
704 3550 745 3559 -
768 3523 796 3579 4.
819 3515 937 3580 mullos
960 3537 1061 3583 aranos
1083 3524 1131 3583 esi
1154 3539 1249 3600 quom
1265 3518 1366 3601 poss-i-

252 3619 322 3695 deO,
356 3623 376 3678 i.
401 3643 425 3680 e.
454 3625 562 3681 multos
597 3641 689 3681 annos
720 3623 859 3700 possideo
888 3631 939 3681 aut
969 3627 1056 3684 multi
1086 3629 1156 3684 anni
1186 3633 1257 3685 sunt
1284 3641 1365 3702 quum

251 3723 404 3803 possideo,
440 3725 560 3782 confusa
587 3729 713 3800 utraque
741 3728 973 3786 constructione.
1025 3727 1169 3787 Similiter
1193 3729 1272 3788 Pers.
1298 3727 1363 3784 138:

255 3827 339 3899 ,leno
373 3826 501 3886 nondum
535 3847 587 3886 sex
620 3845 734 3886 menses
764 3827 934 3904 Megaribus
965 3830 1027 3890 Huc
1062 3837 1108 3889 est
1141 3851 1232 3908 quom
1266 3827 1364 3888 conmi-

250 3927 378 4007 grauit“.
424 3929 497 3990 Non.
521 3951 550 4008 p.
575 3933 635 3990 250
659 3934 752 3991 mals:
789 3941 854 4008 „est
880 3942 913 3994 ut
937 3929 1107 4010 possideo“.
1131 3963 1175 3974 ·-
1203 3929 1276 4004 cola,
1299 3933 1316 3988 i.
1333 3925 1361 3983 'e-

252 4033 362 4104 incolo,
398 4033 479 4110 quod
508 4041 553 4090 est
581 4034 661 4108 apud
685 4035 837 4094 Tibullum
861 4036 888 4110 l,
916 4038 962 4108 10,
990 4037 1027 4094 18
1051 4039 1167 4113 patrios
1193 4037 1280 4094 Lares
1301 4030 1362 4090 allo·

251 4141 412 4211 quentem:
460 4134 526 4208 „Sic
562 4138 669 4194 veteris
703 4138 788 4195 sedes
817 4139 981 4196 incoluistis
1015 4135 1101 4210 avi“;
1137 4137 1172 4197 of.
1197 4138 1272 4196 infra
1300 4133 1361 4190 693.

253 4235 318 4296 Lis.
343 4237 456 4309 XXXI,
482 4239 531 4310 30,
557 4240 589 4296 9:
627 4239 747 4312 „urbem
780 4241 909 4298 colentes
939 4238 1040 4298 deos“.
1086 4241 1213 4317 Propter
1236 4239 1360 4296 dativum,

253 4340 305 4412 qui
344 4342 492 4415 sequitur,
538 4340 690 4400 Acidaliae
727 4342 842 4413 ,color‘²
881 4342 1069 4400 scribendum
1111 4341 1262 4412 censebat,
1302 4331 1362 4393 mihi
