2928 5010
79 497 271 566 rocos—10⁷
545 497 705 551 Bacchides.
1126 504 1186 564 109

511 685 591 750 Chr
622 685 736 752 salus

78 795 157 876 ,seo
175 801 280 880 pater,
304 794 393 877 quod
415 709 704 880 promisisbiymihi,
726 803 760 860 te
784 815 915 878 quaeso,
937 803 974 860 ut
990 797 1186 875 memineris,

76 905 113 969 Ne
122 903 211 969 illum
227 903 399 983 uerberes3
422 925 538 968 uerum
550 903 639 986 apud
658 912 690 966 te
706 905 854 968 uinctum
872 903 1047 968 adseruato
1066 903 1182 967 domi'·

76 1009 147 1077 Cedo
165 1022 202 1077 tu
220 1032 329 1078 ceram
347 1031 386 1076 so
403 1011 506 1076 linum
518 1021 675 1075 actutum.
720 1013 788 1094 Age
811 1010 930 1094 obligo,
950 1011 1087 1094 obsigna
1107 1013 1184 1076 cito.

487 1151 767 1218 Mnesilochus

78 1263 217 1343 Obsecro,
240 1263 319 1346 quid
341 1264 413 1328 istis
436 1263 478 1327 ad
500 1263 608 1326 istunc
629 1269 725 1326 usust
748 1263 943 1344 conscriptis
966 1261 1109 1340 modum,
1135 1278 1187 1330 745

74 1369 110 1435 b't
128 1370 187 1436 tibi
208 1371 346 1453 nequid
369 1370 483 1436 credet
506 1377 604 1451 atque
627 1377 664 1433 ut
684 1371 832 1434 uinctum
850 1379 885 1435 te
904 1369 1058 1435 adseruet
1077 1369 1163 1433 domi
1172 1369 1186 1430 ’ζ’

515 1510 591 1576 Chr
624 1511 737 1576 solus

75 1619 148 1696 Quia
167 1622 214 1686 ita
235 1620 315 1686 mihi
337 1619 439 1684 lubet.
472 1619 577 1700 Potin,
597 1533 637 1684 bt
660 1640 752 1684 cures
775 1627 808 1684 te
831 1627 930 1702 atquo
952 1627 991 1684 ut
1007 1640 1047 1684 ns
1067 1640 1187 1702 parcas

778 1727 880 1792 mibi?

74 1836 137 1901 Mea
157 1835 276 1902 fiducie
298 1857 379 1920 opus
403 1835 546 1902 conduxi
570 1843 603 1900 et
625 1855 697 1899 meo
721 1835 843 1918 periclo
866 1855 935 1900 rem
958 1854 1044 1918 gero.

485 1976 762 2043 Mnesilochus

75 2089 209 2170 Aequom
233 2087 324 2152 diois.

511 2191 739 2278 Chrysalus

371 2299 459 2378 Cedo
481 2301 632 2366 tabellas.

421 2407 434 2434 ⁶
489 2443 766 2509 Mnesilochus

664 2553 795 2636 Accipe.

520 2657 742 2743 Chrysalus

843 2769 995 2833 Animum
1018 2769 1192 2851 aduortite,

77 2876 265 2944 Mnesiloche
289 2883 322 2943 et
343 2885 381 2942 tu
403 2875 592 2954 Pistoclere,
615 2875 681 2939 iam
703 2873 803 2940 facite
826 2875 859 2938 in
882 2875 1016 2978 biclinio
1141 2897 1193 2948 750

78 2983 148 3050 Cum
169 2988 275 3052 amica
297 3007 357 3051 sus
379 2993 518 3066 uterque
541 2983 734 3048 adcubitum
759 2985 858 3062 eatis,
882 2985 931 3049 ita
953 2987 1164 3068 negotiumst,

79 3095 174 3178 Atque
196 3095 326 3174 ibidem,
349 3093 406 3158 ubi
427 3113 514 3158 nunc
538 3101 614 3156 sunt
636 3091 715 3164 lecti
738 3094 846 3170 strati,
870 3093 991 3174 potetis
1017 3095 1093 3158 cito

503 3233 761 3300 Pistoclerus

80 3337 153 3407 Num
175 3343 254 3427 quid
276 3343 389 3408 aliud?

515 3449 741 3535 Chrysalus

333 3557 414 3636 Hoc,
437 3564 538 3641 atque
562 3559 686 3623 etiami
702 3557 760 3622 ubi
782 3557 847 3622 erit
868 3557 1058 3623 adcubitum
1082 3558 1191 3640 semei,

80 3659 119 3725 Ne
139 3685 299 3748 quoquam
323 3667 518 3748 exsurgatis,
542 3665 646 3731 donec
668 3687 688 3730 a
710 3687 761 3730 mc
785 3667 848 3731 erit
870 3667 998 3748 signum
1022 3667 1145 3732 datum.

503 3795 760 3862 Pistoclerus

81 3897 103 3962 O
123 3902 338 3988 inperatorem
360 3904 514 3988 probum!

522 4003 743 4119 Chrysalus

561 4141 632 4207 Iam
653 4143 705 4207 bis
728 4142 852 4208 bibisse
874 4143 1029 4226 oportuit.
1142 4160 1192 4212 755

143 4371 190 4426 ‘148
206 4374 328 4442 periculo
394 4373 506 4430 7491’1.
526 4373 637 4442 Equum
705 4374 757 4428 755
775 4373 797 4428 Ο
816 4390 865 4430 one
885 4373 912 4427 B
