2960 5012
250 505 322 564 XVI
734 491 873 547 Praefatio.

707 689 909 746 Artemona

247 801 306 859 Ain
328 797 469 858 tandem?
503 797 619 874 Edepol
642 817 678 855 ne
701 802 734 855 iu
756 797 832 854 istuc
855 814 919 852 cum
943 794 1020 854 melo
1044 814 1150 870 magno
1173 802 1225 854 tuo

247 907 354 966 Dixisti
377 909 407 966 in
430 927 485 966 me.
531 905 609 966 Sino.
655 905 765 966 Uenios
787 903 874 962 modo
897 901 1025 976 domum,
1050 903 1117 962 faxo
1140 909 1174 961 ut
1195 904 1270 962 ecies

250 1015 328 1087 Quid
350 1017 454 1093 pericli
477 1015 517 1072 sit
539 1013 660 1073 dotatae
682 1015 767 1071 uxori
790 1013 895 1071 uitium
918 1010 1024 1068 dicere.

688 1121 923 1179 Philaenium

248 1231 304 1290 Dic
328 1231 442 1304 amabo,
467 1252 504 1289 en
526 1231 618 1288 foetet
640 1231 737 1288 anime
758 1228 858 1288 uxoris
880 1225 970 1286 tuce?

685 1336 932 1394 Demaenetus

1014 1420 1159 1478 Nuuteum

248 1533 356 1591 Bibere
380 1533 488 1604 malim,
512 1533 537 1590 si
560 1550 710 1590 necessum
735 1529 782 1600 sit,
806 1547 893 1603 quem
916 1528 996 1585 illum
1021 1529 1190 1586 osculerier.

694 1637 926 1695 Philaenium

250 1727 344 1784 Miser
367 1733 481 1784 ecastor
504 1745 542 1783 es.

712 1811 911 1866 Artemona

591 1917 713 1974 Ecastor
732 1916 840 1990 dignus
863 1921 918 1974 est.

689 2025 927 2101 Argyrippus

968 2131 1045 2203 Quid
1068 2135 1119 2204 cis,
1144 2129 1254 2208 puter?

250 2218 366 2294 Ecquid
385 2224 509 2277 matrem
528 2217 628 2276 emes?

683 2325 932 2383 Demaenetus

639 2432 742 2509 Egone
760 2427 863 2490 iiiam?
898 2432 1072 2502 11666666,
1097 2435 1250 2508 quianon
1273 2431 1372 2490 adest.

692 2539 929 2615 Argyrippus

250 2628 337 2700 Quid,
362 2647 450 2704 quom
474 2621 577 2686 adesi?

688 2709 935 2767 Demaenetus

542 2818 657 2877 Perisse
675 2819 771 2893 cupio.

709 2925 907 2983 Parasitus

798 3034 889 3091 Amet
907 3033 995 3092 homo
1018 3034 1065 3092 hic
1087 3039 1127 3106 ie,
1151 3037 1184 3090 ut
1206 3033 1375 3110 praedicat.

710 3144 912 3200 Artemone

248 3250 293 3308 No
315 3251 368 3308 illa
391 3255 506 3309 ecastor
529 3250 681 3308 faenerato
704 3251 853 3322 funditei;
878 3270 945 3309 nam
968 3251 993 3306 si
1016 3248 1134 3306 domum

249 3358 386 3416 Redierit
408 3358 505 3431 hodie,
531 3359 691 3417 osculando
716 3377 771 3433 ego
794 3359 922 3416 ulciscar
944 3359 1140 3435 potissimum.

334 3488 412 3561 Haec,
436 3510 472 3546 ne
496 3490 648 3548 consilium
672 3509 768 3548 meum
792 3491 930 3565 cuiquem
953 3487 1079 3564 emplius
1103 3488 1260 3547 obscurum
1285 3495 1377 3561 esset,

249 3597 403 3672 praefanda
427 3597 507 3655 duxi.
554 3596 650 3656 Unum
674 3603 783 3669 restat,
812 3603 847 3656 ut
869 3597 976 3654 librum
999 3615 1094 3654 meum
1119 3597 1261 3654 lectorum
1284 3596 1379 3655 bene-

250 3704 388 3762 volentiae
412 3703 613 3763 commendem
641 3709 671 3762 61
698 3725 816 3776 eorum,
847 3723 912 3782 quae
942 3709 994 3762 sui
1020 3705 1192 3782 typothetes
1225 3709 1277 3762 aut
1311 3706 1380 3782 ipse

251 3815 422 3885 erraverim,
446 3813 563 3870 veniam
582 3831 695 3889 precer.
730 3813 859 3884 Quorum
877 3813 990 3870 utinam
1010 3815 1107 3870 minor
1125 3831 1263 3870 numerus
1281 3817 1379 3871 esset!

251 3921 323 3991 Qum
353 3925 453 3978 errata
481 3939 544 3979 esse
574 3921 785 3993 animadverti,
820 3922 851 3977 in
885 3920 966 3978 66166
994 3921 1062 3979 libri
1092 3920 1256 3978 emendavi.
1299 3922 1380 3979 ιΑ61·

251 4027 350 4086 dende
372 4047 489 4104 quoque
512 4031 638 4087 maxime
661 4048 697 4087 ex
719 4031 769 4102 iis,
795 4048 875 4106 quae,
901 4028 971 4087 dum
993 4030 1041 4088 hic
1063 4028 1140 4086 liber
1161 4031 1241 4105 typis
1265 4027 1382 4086 descri-

252 4135 343 4208 bitur,
366 4137 397 4194 in
421 4135 571 4212 publicum
594 4137 779 4214 prodierunt,
803 4157 864 4195 non
887 4137 968 4196 nulla
990 4137 1119 4195 fuerunt.

405 4281 465 4336 Kal.
485 4282 568 4336 Mart,
589 4290 823 4332 rinoconxxvnr.

1032 4393 1062 4452 J.
1087 4393 1124 4448 L.
1149 4393 1288 4460 Ussing.

663 4523 970 4542 w
