2956 5010
273 510 335 571 490
778 499 896 572 Geptini.

272 699 372 758 Pleut.
396 717 424 774 p.
450 698 505 768 20,
543 695 635 768 „Nom
665 714 720 770 ego
743 693 807 755 nt“.
830 726 872 736 —
901 693 1033 770 dudum,
1067 697 1087 756 i.
1112 716 1137 756 e.
1161 715 1271 772 nuper,
1303 715 1329 753 r.
1351 696 1383 754 ed

273 802 381 878 Amph.
414 800 484 858 654.
514 817 556 840 ·-
590 801 661 858 478.
696 800 831 858 Alterum
869 797 1026 876 „inquom“
1062 819 1151 858 versu
1185 799 1302 858 iubente
1334 799 1383 859 del.

276 905 362 965 Both.
405 905 506 978 atque,
529 922 557 960 v.
582 902 620 960 ed
643 902 751 979 Amph.
775 903 845 962 948.
868 931 912 942 -
934 904 1005 962 479.
1032 897 1111 980 Quis
1134 899 1201 980 apii
1222 897 1299 962 too?
1324 905 1342 962 i.
1363 925 1383 962 e.

274 1008 347 1080 Quis
371 1007 407 1066 ed
431 1007 494 1064 hreo
515 1004 607 1063 verbe
629 1006 758 1064 animum
782 1005 926 1077 advertit,
961 1024 988 1064 r.
1013 1005 1050 1062 od
1072 1005 1154 1064 Asin.
1182 1007 1208 1064 l.
1257 1004 1384 1064 Editores

274 1113 343 1172 inde
369 1111 405 1168 nb
429 1109 657 1185 antiquissimis:
689 1107 780 1182 „Quis
804 1109 846 1166 eit
867 1105 952 1178 hoo“,
977 1110 996 1165 i.
1021 1128 1045 1166 e.
1073 1103 1179 1180 „hne“,
1202 1127 1305 1185 parurn
1327 1128 1385 1166 oon-

276 1217 416 1276 siderete.
444 1241 486 1252 -
509 1205 680 1286 profitetur
701 1212 826 1288 primam
850 1211 989 1287 corripit,
1018 1216 1052 1268 nt
1076 1210 1155 1287 opud
1177 1211 1244 1270 Ter.
1267 1211 1338 1270 Eun.
1363 1214 1386 1269 3.

275 1320 321 1378 Fl.
346 1313 558 1384 euidenter,
588 1313 639 1372 sed
668 1333 695 1371 v.
719 1312 801 1372 Brix.
830 1341 873 1352 -
901 1315 973 1372 480.
1007 1311 1037 1372 si
1068 1333 1171 1372 versus
1198 1315 1313 1386 integer
1338 1321 1386 1375 est.

276 1423 376 1480 hiatur
400 1422 452 1476 out
473 1421 542 1491 post
564 1410 692 1492 inquam
714 1421 766 1474 aut
783 1422 850 1492 post
867 1410 925 1473 illi.
959 1414 1020 1475 Fr:
1048 1416 1117 1490 „ubi
1135 1435 1271 1474 cenamus
1288 1415 1385 1474 hodie·

276 1524 332 1595 ed.‚
355 1521 473 1580 Molles.
498 1518 577 1578 Brix.
606 1513 750 1590 „illisoe“.
775 1547 817 1556 -
844 1519 916 1576 481.
952 1513 989 1578 de
1018 1513 1112 1578 dr'ctis
1133 1513 1323 1590 6661406868,
1355 1519 1387 1578 of.

277 1625 370 1686 Stiob.
383 1625 461 1683 401:
488 1621 558 1694 „Ibo
581 1623 663 1680 intro
688 1620 724 1678 od
747 1619 839 1678 libros
862 1625 893 1678 et
910 1619 1020 1678 discam
1039 1621 1074 1678 de
1093 1621 1179 1680 dictis
1197 1617 1387 1680 melioribns“.

276 1758 318 1770 -
341 1729 412 1787 482.
436 1718 637 1784 menstruatis
665 1717 781 1799 epulas,
804 1723 898 1782 totius
920 1726 1039 1784 mensis.
1063 1753 1105 1764 -
1132 1719 1316 1800 66666666
1346 1723 1388 1781 H.

280 1826 455 1910 „opisoier“,
479 1833 513 1886 nt
535 1826 613 1886 infre
636 1829 712 1898 r693
747 1824 799 1884 sod
823 1826 913 1884 etiem
935 1826 988 1884 illo
1010 1826 1104 1884 forme
1126 1825 1269 1884 Plautino
1292 1832 1343 1894 ost,
1365 1846 1388 1880 r.

277 1937 349 1994 774.
383 1931 470 2010 Epid.
498 1931 545 1987 16.
586 1927 677 1987 Stich.
697 1929 768 1986 281.
797 1957 834 1968 -
858 1929 930 1987 483.
954 1923 991 1988 de
1014 1928 1167 2006 compecto
1189 1927 1337 1988 Charisius
1356 1928 1389 2000 ΙΙ,

276 2058 305 2116 p.
334 2038 391 2096 197
416 2033 468 2104 K„
500 2032 595 2090 etsie
623 2031 733 2106 legitur
761 2030 869 2090 Pseud.
896 2031 973 2104 5413
1008 2030 1048 2089 ib.
1075 2029 1151 2090 544:
1190 2051 1308 2104 „sumus
1330 2051 1390 2090 con·

276 2137 386 2219 peoti“.
433 2137 542 2194 Contra
558 2132 638 2192 Men.
658 2133 736 2191 922:
765 2135 813 2204 „in
836 2153 967 2192 cererem
990 2133 1042 2192 ted
1065 2153 1129 2192 erse
1152 2131 1342 2210 conpoctnm“
1366 2137 1392 2190 et

276 2241 354 2302 Rnd.
370 2242 444 2298 546:
471 2237 632 2312 „nidnlnnu
653 2255 757 2294 eurum
776 2239 866 2313 etque
884 2241 1042 2310 argentum
1058 2235 1109 2294 nbi
1123 2257 1211 2296 omne
1223 2241 1390 2314 conpactum

277 2343 363 2404 fuit“.
386 2373 429 2383 —
452 2343 523 2400 485.
548 2338 629 2400 Ordo
652 2338 811 2396 verborum
833 2338 882 2397 hio
904 2359 967 2398 esse
990 2339 1108 2398 debuit:
1131 2345 1173 2411 nt,
1198 2340 1223 2396 si
1246 2358 1304 2396 nou
1326 2338 1391 2395 orri-

278 2447 390 2518 derent‚
415 2445 520 2504 saltem
544 2443 572 2500 d.
588 2463 628 2514 r.;
653 2440 689 2500 os.
709 2440 932 2500 6811616230.
968 2436 1075 2500 detrito
1095 2437 1286 2518 restrinpere
1302 2447 1391 2498 autern

278 2569 341 2622 nee,
364 2554 398 2606 nt
415 2547 504 2620 vulgo
527 2549 683 2617 enarrant,
706 2543 813 2602 leviter
835 2544 934 2602 ridere
957 2542 1111 2620 significet,
1135 2563 1198 2616 neo,
1222 2549 1257 2602 66
1274 2543 1391 2612 Brutus,

279 2657 411 2712 coactum
439 2648 546 2707 ridere.
591 2647 704 2706 Dentes
727 2647 919 2723 restringunt,
942 2652 977 2704 ut
1000 2665 1037 2704 ex
1058 2645 1087 2704 h.
1106 2646 1126 2705 l.
1151 2652 1289 2723 epporet,
1314 2665 1392 2704 onnes

278 2773 408 2812 morsum
421 2753 608 2822 minitantem
632 2749 748 2808 indeed
761 2749 894 2808 homines
911 2748 1113 2806 refertnrrem
1131 2749 1262 2826 aliquem
1274 2753 1392 2825 autper·
1455 2771 1456 2788 .

279 2875 378 2915 sonam
403 2873 480 2929 ogre
498 2853 635 2912 ferentes.
669 2851 822 2910 Parasitus
841 2855 985 2928 queritur,
1010 2851 1091 2927 quod
1109 2853 1140 2924 ii,
1164 2871 1239 2928 qnos
1257 2851 1392 2910 allocutus

279 2964 332 3031 est,
350 2979 387 3016 ne
400 2957 525 3016 offensos
537 2955 656 3032 quidem
669 2973 699 3012 se
713 2953 898 3012 ostenderint
911 2955 1139 3030 importunitate
1156 2973 1209 3012 sun
1226 2953 1392 3031 frigidisque

279 3064 365 3130 iocis,
390 3060 442 3118 sed
464 3079 494 3118 se
518 3059 636 3117 ornnino
660 3075 719 3115 non
736 3058 921 3128 onrsverint3
945 3057 1020 3116 illud
1044 3057 1122 3116 enim
1143 3057 1237 3114 multo
1260 3055 1391 3114 molebat.

277 3195 321 3206 ·-·
344 3165 415 3222 487.
440 3177 503 3222 una
524 3176 585 3233 res,
609 3161 629 3218 i.
648 3181 673 3218 e.
694 3158 794 3217 eodem
815 3178 862 3216 res
882 3163 940 3234 est;
963 3157 1008 3218 Fl.
1028 3159 1077 3218 Br.
1099 3157 1209 3232 „rost“,
1234 3177 1295 3217 non
1316 3175 1391 3233 opus,

278 3261 823 3343 6166616666.590.61.Β66.176;
852 3261 954 3334 „soluo
972 3258 1051 3320 ree“.
1086 3261 1268 3320 Stich.473:
1296 3259 1392 3332 „Certo

278 3366 344 3428 res“
373 3365 428 3442 (sio
450 3365 500 3440 A).
545 3365 612 3426 Ter.
637 3363 713 3423 Eun.
739 3365 813 3422 361:
852 3365 929 3438 „olio
950 3360 1029 3422 res“.
1074 3363 1161 3436 Quod
1190 3367 1290 3421 antem
1313 3361 1393 3436 vulgo

280 3472 390 3528 dicitur
415 3489 510 3544 „unus
533 3477 563 3526 et
584 3465 694 3539 idem“‚
725 3469 814 3526 etism
837 3467 1014 3544 simpliciter
1043 3455 1126 3525 6666
1148 3464 1208 3524 diei
1231 3471 1345 3541 pot-ost,
1369 3483 1393 3520 r.

212 3613 216 3621 ·
280 3592 371 3650 supro
393 3593 421 3629 r.
447 3574 497 3632 20.
533 3570 621 3650 Epid.
647 3571 722 3628 632:
759 3569 835 3642 „olio
857 3575 960 3640 matre,
984 3588 1044 3628 uno
1067 3564 1184 3646 potrs“.
1219 3567 1309 3626 Most.
1327 3567 1393 3626 665:

285 3675 412 3750 „lterum
440 3676 497 3732 iorn
527 3674 565 3732 nd
594 3693 685 3732 unum
709 3692 809 3730 sexum
836 3691 882 3730 me
904 3669 1011 3730 fluetus
1033 3667 1165 3730 terunt“.
1209 3669 1302 3729 Mero.
1327 3671 1394 3727 511:

284 3799 361 3852 „uno
384 3773 511 3835 oetate“.
538 3805 575 3816 -·
599 3779 670 3836 488.
695 3771 732 3834 de
755 3775 898 3849 conpecto
918 3773 963 3832 Fl.
984 3773 1044 3846 Br.,
1068 3779 1102 3832 nt
1124 3775 1196 3834 482.
1222 3767 1320 3848 quasi,
1343 3773 1361 3828 i.
1373 3789 1394 3826 e.

279 3887 328 3954 ut,
353 3901 380 3940 v.
406 3881 455 3938 80.
507 3873 689 3950 Uelabrum,
724 3878 807 3936 locus
838 3877 937 3936 Rornae
966 3876 1044 3934 infra
1072 3875 1241 3934 Palatinum
1276 3877 1395 3931 orontem

279 3984 476 4062 interritum
500 3982 626 4040 Tuscum
650 3988 680 4039 et
702 3981 797 4038 forum
821 3979 972 4052 boarium,
1008 3977 1058 4036 ubi
1086 3977 1294 4036 vendebantur
1324 3994 1394 4051 que-

280 4107 395 4163 cunque
418 4084 455 4144 ed
477 4085 588 4144 vietum
610 4083 811 4162 pertinebant,
835 4101 863 4140 v.
887 4081 1003 4140 Onrenl.
1029 4081 1100 4140 482.
1135 4079 1207 4138 Hor.
1226 4078 1287 4138 sat.
1309 4077 1346 4148 IL
1369 4077 1392 4144 3,

282 4192 352 4249 229.
397 4188 507 4248 Olearii
537 4187 623 4245 huius
650 4187 707 4244 loei
735 4186 901 4244 consentire
930 4184 1006 4242 inter
1028 4203 1059 4240 ee
1082 4182 1225 4240 dicuntur
1246 4181 1283 4239 de
1304 4178 1393 4258 pretio

281 4293 354 4364 olei,
383 4311 420 4350 ne
442 4291 509 4368 quis
531 4290 668 4360 minoris,
697 4307 785 4364 quern
808 4287 915 4360 ceteri,
946 4285 1065 4344 vendet.
1097 4313 1134 4325 -
1171 4285 1243 4344 489.
1278 4283 1393 4340 Versum

281 4414 339 4452 non
361 4394 455 4452 solnm
477 4392 546 4450 huie
568 4391 634 4450 loco
657 4411 762 4469 perum
784 4395 901 4467 aptum,
933 4387 985 4447 sed
1013 4389 1131 4448 omnino
1161 4391 1231 4465 post
1253 4385 1312 4445 486
1340 4399 1393 4440 666
1454 4437 1455 4440 ,
