2956 5010
265 509 327 571 50ss
766 503 884 574 Captiui.

263 699 336 758 Mox
359 701 419 759 812
444 719 507 776 sqq.
532 700 634 757 durius
658 699 746 756 etiam
769 719 786 756 a
808 699 896 756 laniis
919 697 955 755 acl
984 703 1140 775 patronem
1165 701 1314 756 transitur.
1335 729 1370 738 -

266 803 335 861 808.
359 801 493 860 Piscator
516 803 612 878 pisces
634 820 693 859 non
717 801 852 859 vehiculo
876 801 927 858 ead
951 799 1089 860 corbibus
1111 799 1150 858 ad
1172 801 1294 859 clitellas
1314 803 1368 859 alli·

265 907 351 978 gatis,
376 905 500 961 fortasse
518 906 580 980 ipse
601 903 702 962 codam
726 923 802 981 aquo
826 909 937 976 vectus,
961 905 992 962 in
1010 903 1112 961 urbem
1130 909 1306 978 portaverat,
1327 905 1371 962 scd

264 1007 316 1064 vili
345 1025 436 1083 cquo,
472 1001 640 1079 cantherio,
675 1027 701 1066 v.
728 1007 765 1064 ad
788 1005 887 1064 Aulul.
912 1007 989 1076 487,
1023 1025 1168 1065 sessorem
1198 1009 1371 1083 quassatione

266 1110 424 1167 immodica
448 1105 607 1180 crucianti,
632 1113 751 1188 quippe,
767 1111 849 1167 cuius
873 1113 1018 1186 quattuor
1035 1109 1144 1186 pedum
1165 1109 1271 1183 singuli
1289 1115 1373 1167 motus

265 1214 446 1282 sentiantur,
480 1231 505 1268 v.
530 1211 565 1268 ad
590 1212 671 1268 Asin.
697 1213 767 1270 701,
812 1212 948 1270 Imitatus
978 1219 1021 1269 est
1045 1213 1193 1270 Ausonius
1217 1211 1308 1288 Epist.
1330 1215 1373 1284 21,

268 1317 321 1374 38:
355 1312 519 1386 „trinodem
543 1313 694 1388 dactylum
718 1313 786 1372 Vidi
809 1319 947 1389 paratum
972 1315 1116 1372 crucianti
1139 1310 1316 1373 canthario“.
1336 1343 1373 1352 -

268 1419 337 1477 809.
362 1409 618 1474 subbasilicanos,
653 1416 752 1474 Pisces
776 1427 836 1474 tem
859 1436 951 1494 propa
975 1415 1127 1474 basilicam
1144 1417 1325 1494 prostabant,
1346 1423 1375 1474 ut

267 1540 369 1578 eorum
399 1518 472 1578 odos
500 1521 552 1590 iis,
588 1520 639 1596 qui
670 1520 698 1575 in
732 1519 853 1576 basilica
887 1519 1093 1594 versabantur,
1127 1521 1267 1577 molestus
1299 1529 1373 1578 assat.

268 1621 409 1680 Homines
442 1621 483 1678 ibi
522 1627 673 1678 versantes
701 1628 967 1679 commemorantur
995 1621 1110 1680 Curcul.
1134 1624 1193 1680 471
1222 1643 1284 1700 sqq.
1334 1621 1373 1679 Er

267 1731 394 1800 utroque
428 1729 526 1782 autem
554 1723 619 1781 loco
655 1743 742 1780 uuam
770 1725 863 1782 solam
891 1729 1016 1800 apparet
1045 1723 1097 1784 illo
1127 1731 1261 1801 tempore
1287 1724 1376 1782 Roma

268 1828 422 1886 basilicam
444 1825 543 1884 luisse.
589 1825 646 1886 Sed
672 1827 745 1884 illud
774 1833 891 1904 ternpus
920 1833 1020 1884 utrum
1043 1825 1142 1885 Plauti
1171 1829 1264 1902 ipsius
1286 1827 1375 1898 luerit,

269 1951 305 1988 au
328 1929 359 1987 hi
382 1949 484 1986 versus
507 1935 577 2008 post
600 1932 663 1986 eius
686 1935 804 1987 aetatem
828 1933 1020 2001 accesserint,
1052 1927 1191 1988 dubitant
1220 1931 1276 1987 viri
1298 1930 1375 1998 docti,
1454 1987 1455 1996 ,

181 2055 184 2066 ·
268 2035 393 2111 primam
423 2033 501 2090 enirn
524 2033 625 2091 Romae
653 2033 805 2091 basilicam
833 2031 968 2090 Porciam
992 2032 1082 2090 fuisse
1105 2031 1215 2090 docent
1242 2031 1376 2090 aCetona
1454 2057 1455 2060 ¹

269 2155 390 2193 censore
415 2133 588 2192 aedilicatam
612 2135 716 2194 eodem
736 2155 821 2208 anno,
845 2154 903 2212 quo
923 2133 1047 2193 Plautus
1066 2141 1198 2193 mortuus
1221 2139 1270 2194 sit.
1302 2133 1376 2206 Quod

268 2238 347 2296 unde
371 2240 522 2309 noverint,
558 2238 693 2316 equidem
722 2239 834 2310 nescio,
868 2258 935 2295 nam
959 2237 1059 2295 Livius
1083 2237 1203 2315 quidem
1228 2259 1301 2296 anno
1324 2240 1375 2295 210

269 2363 295 2400 a.
317 2341 384 2398 Chr.
404 2361 432 2399 n.
453 2339 581 2398 nondum
606 2341 745 2400 basilicas
762 2341 863 2399 Romae
887 2339 977 2398 luisse
999 2347 1134 2412 testatur,
1158 2339 1265 2414 XXVI,
1279 2343 1329 2412 87,
1347 2341 1376 2410 3,

270 2449 335 2501 turn
347 2441 486 2516 XXXIX,
501 2445 550 2514 44,
571 2443 588 2502 7
610 2441 719 2518 „Cato“
740 2445 838 2520 inquit
861 2445 956 2515 ,atria
974 2443 1042 2516 dno,
1063 2443 1204 2501 Maenium
1222 2451 1252 2501 et
1269 2442 1374 2509 Titiam,

272 2549 301 2604 iu
333 2545 498 2604 Lautumiis
526 2551 556 2604 et
585 2552 729 2622 quattuor
757 2547 897 2604 tabernae
928 2547 958 2604 in
986 2545 1134 2622 publicum
1164 2551 1254 2618 emit,
1287 2545 1375 2604 basili·

270 2669 392 2725 namque
416 2647 457 2705 ibi
476 2647 554 2718 lacit,
579 2667 642 2724 qua
661 2649 767 2706 Porcia
786 2650 937 2726 appellata
954 2643 1030 2708 est“.
1064 2647 1196 2707 Primam
1219 2650 1305 2708 fuisse
1325 2669 1375 2706 non

270 2751 359 2822 dicit,
394 2770 446 2808 nec
475 2749 635 2828 quidquam
665 2751 776 2824 obstat,
812 2772 870 2830 quo
899 2755 994 2810 minus
1023 2757 1091 2810 ante
1122 2771 1185 2810 earn
1215 2753 1273 2811 alie
1299 2751 1375 2809 luerit

271 2854 352 2911 nullo
374 2839 499 2912 ⁸nomina
528 2855 669 2928 insignis;
705 2855 871 2912 nominibus
900 2855 977 2912 enim
1007 2859 1070 2912 turn
1100 2854 1218 2912 demum
1242 2875 1312 2932 opus
1331 2859 1374 2917 est,

271 2955 322 3014 nbi
346 2957 448 3034 plures
471 2963 549 3014 sunt.
605 2957 684 3015 Foro
714 2957 847 3014 iunctam
875 2957 979 3030 fuisse,
1014 2964 1044 3015 at
1068 2977 1113 3015 res
1135 2958 1270 3034 postulat
1290 2963 1318 3013 et
1336 2955 1376 3012 hic

271 3057 355 3116 locus
379 3057 525 3132 ostendit3
559 3059 595 3116 ab
625 3060 718 3117 altere
745 3067 830 3137 parte
859 3061 1020 3136 piscatorio
1050 3061 1115 3118 loro
1144 3061 1271 3118 vicinam
1300 3061 1375 3117 luisse

271 3161 414 3220 videmus.
459 3161 501 3219 Ac
523 3159 587 3219 fieri
610 3169 720 3240 potest,
745 3169 860 3220 utnon
883 3181 988 3219 novam
1011 3161 1165 3254 basilicam
1189 3163 1376 3221 adificararint

272 3283 298 3322 a.
325 3265 382 3323 179
408 3284 544 3322 censores
567 3263 690 3323 Fulvius
721 3271 750 3323 et
773 3265 925 3334 AErniliua,
956 3264 1008 3322 sed
1037 3265 1188 3340 antiquam
1220 3265 1376 3341 ampliorem
1455 3299 1456 3344 3

273 3373 303 3424 et
326 3365 556 3443 splendidiorem
581 3369 718 3440 fecerint,
743 3388 770 3426 v.
796 3365 859 3426 Lis.
883 3365 946 3436 XL,
974 3369 1022 3438 51,
1049 3369 1080 3424 5:
1120 3365 1179 3438 ,M.
1204 3367 1322 3426 Fulvius
1341 3366 1377 3422 lo·
1455 3355 1456 3358 ¹

273 3471 351 3526 cavit
439 3465 589 3528 basilicam
613 3477 682 3546 post
705 3471 888 3544 argentarias
911 3488 1004 3528 novas
1026 3475 1057 3526 at
1079 3469 1175 3526 lorum
1198 3471 1377 3546 piscatoriam

273 3569 461 3630 circumdatis
494 3573 640 3644 tabernis,
675 3591 747 3648 quas
781 3569 917 3629 vendidit
949 3573 981 3628 in
1009 3569 1191 3648 privatum“.
1221 3603 1264 3611 —
1295 3565 1380 3648 abiail

273 3673 342 3730 olim
366 3672 561 3730 emendatum.
607 3673 747 3732 Priscian.
771 3673 794 3746 I,
820 3675 869 3746 40,
893 3693 921 3750 p.
942 3673 977 3732 3·1
999 3673 1035 3731 Η.
1060 3681 1216 3750 corrupta:
1246 3671 1378 3748 ,adegit“'.

272 3805 314 3815 --
338 3777 407 3835 810.
433 3769 628 3848 Surpiculus,
652 3777 698 3833 vel
722 3775 890 3854 sirpiculus,
913 3781 948 3834 ut
966 3775 1037 3834 alibi
1055 3775 1204 3848 scribitur,
1229 3778 1280 3836 sed
1296 3779 1381 3835 minna

273 3885 368 3951 recta,
393 3878 534 3954 quoniam
558 3898 575 3934 a
598 3879 785 3954 surripienda
809 3877 920 3936 dictum
943 3877 1075 3951 ridetur,
1099 3878 1197 3938 corbis
1220 3897 1312 3958 genus
1333 3885 1378 3946 eat,

274 3979 352 4058 quod
376 3987 405 4036 et
425 3979 581 4037 olitoribus
599 3981 629 4037 in
648 4001 702 4038 usu
722 3989 795 4052 eret,
820 4001 848 4040 v.
862 3979 956 4040 Lucil.
976 4002 1022 4058 ap.
1036 3980 1112 4039 Non.
1131 4002 1161 4058 p.
1175 3985 1253 4042 490:
1280 3982 1381 4056 ,surpi-

273 4084 388 4158 culique
411 4079 598 4152 oleror·um“;
628 4081 714 4159 Prop.
740 4083 790 4156 IV,
815 4087 842 4156 2,
867 4087 924 4143 40:
952 4083 1124 4160 „sirpiculis
1146 4085 1247 4143 medio
1269 4086 1380 4163 pulvere

273 4187 350 4242 ferre
375 4183 501 4256 rosanr'‘,
528 4195 558 4242 et
580 4187 788 4262 piscatoribus,
813 4187 849 4246 cl.
874 4185 1015 4264 Pompon.
1034 4207 1061 4244 v.
1086 4189 1159 4244 119:
1187 4187 1280 4258 ,Quid
1302 4186 1379 4243 hahes

274 4291 303 4346 in
322 4287 488 4366 surpiculis,
508 4285 613 4346 caluo?
631 4318 671 4327 -
689 4287 781 4347 Omne
800 4292 905 4365 piscati
924 4287 1046 4364 genus“.
1065 4319 1106 4328 -
1125 4291 1195 4348 811.
1221 4283 1376 4348 exhibeant.

273 4387 455 4466 Scripturarn
489 4389 674 4464 „exibeant“,
704 4411 768 4467 qnoe
797 4399 826 4448 ct
853 4391 909 4450 hoc
939 4393 1005 4452 loco
1034 4393 1110 4450 inB
1140 4397 1170 4449 et
1199 4393 1269 4450 alibi
1297 4393 1375 4454 extat,
