2916 5006
525 536 557 592 V.
575 541 719 594 594-620.
1123 547 1188 608 417

69 739 182 807 tammo,
205 734 432 794 inconsiderate.
478 732 619 792 Codicum
642 736 737 793 errori
758 731 960 812 „propteruo“
983 731 1077 811 (qnod
1094 737 1186 797 etiarn

69 834 182 896 Trucul.
206 839 265 895 255
289 840 320 896 in
341 837 368 896 A
392 842 423 896 et
444 835 466 895 Ο
487 836 613 913 legitur,
643 836 750 914 Amph.
774 838 836 896 830
864 837 896 894 in
919 835 960 909 Ι),
994 857 1084 914 quum
1107 837 1184 898 Rnd.

70 937 126 995 414
147 944 271 1016 uterque
299 939 393 998 codex
421 957 521 998 veram
549 937 674 998 formam
696 935 806 1011 servet)
829 941 1015 1017 patrocinari
1038 945 1186 999 conantur

70 1038 171 1113 Bergk.
194 1042 225 1099 in
247 1041 354 1100 Annal.
378 1041 482 1118 philol.
505 1039 557 1114 IC,
586 1061 616 1118 p.
640 1041 701 1099 479
726 1046 757 1098 et
779 1040 867 1100 dee
895 1043 928 1098 in
949 1041 1014 1101 Act.
1039 1042 1121 1120 Lips.
1145 1043 1183 1115 ΙΙ,

67 1161 94 1218 p.
116 1144 175 1202 468
198 1163 258 1221 sq.,
292 1143 448 1203 Prodrom.
472 1143 561 1219 gloss.
585 1164 614 1221 p.
641 1145 715 1215 356,
750 1144 836 1218 quasi
862 1163 965 1202 verum
994 1149 1113 1220 etymon
1141 1147 1184 1227 in·

67 1246 210 1304 venissent
231 1247 370 1321 glossarii
393 1246 529 1322 προπετὴς
552 1251 735 1304 enarrantes.
758 1275 802 1284 —
823 1242 1018 1322 incoyitatus
1040 1247 1097 1308 hoo
1119 1247 1184 1306 loco

65 1342 325 1421 artimusdicitur,
349 1369 409 1408 non
431 1348 549 1407 lactum.
589 1347 696 1406 Activa
718 1350 748 1406 vi
771 1351 862 1406 etiam
886 1348 1076 1426 Lampridius
1099 1348 1183 1407 Alex.

65 1447 158 1508 sever.
185 1452 238 1509 16:
284 1451 380 1524 „Dato
410 1453 509 1527 spatio
538 1449 576 1508 ad
604 1449 829 1526 disquirendum
852 1450 1117 1528 cogitandumque,
1148 1469 1186 1509 ne

66 1551 214 1628 incogitati
238 1553 336 1612 dicare
359 1549 568 1628 cogerentur“.
595 1581 632 1594 -·
658 1553 728 1610 612.
753 1547 963 1626 Incredibilis,
983 1555 1055 1612 item
1079 1555 1184 1626 active,
1210 1536 1214 1546 ¹

64 1655 112 1728 qui
133 1655 207 1714 nulli
230 1655 351 1714 credere
374 1654 478 1727 audet,
514 1654 549 1714 cl.
573 1653 673 1713 Madv.
698 1653 749 1714 Gr.
773 1653 871 1713 Latin.
899 1657 972 1728 185,
1002 1661 1063 1716 not.
1092 1658 1117 1715 1.
1145 1685 1182 1696 -

67 1757 131 1815 613.
155 1753 367 1818 Maleuolente
389 1752 514 1834 impertio
536 1755 645 1830 natue,
669 1757 689 1814 i.
713 1777 738 1816 e.
762 1763 871 1816 natura
893 1757 1065 1816 malevolus.
1100 1757 1184 1828 Quod

65 1856 215 1933 lleursi'rrs,
240 1859 407 1920 Gronovius
430 1859 540 1935 aliique
565 1857 853 1930 commendaverant,
881 1857 1017 1936 „genio“‚
1041 1859 1087 1918 Fl.
1105 1879 1184 1918 rece·

63 1961 113 2036 pit,
137 1962 188 2020 aed
210 1982 266 2022 nec
288 1983 324 2022 ex
345 1965 434 2038 genio
456 1963 590 2020 nascitur
612 1961 709 2031 homo,
733 1981 787 2019 nec
810 1961 1011 2020 Mnesilochus
1033 1959 1062 2018 h.
1085 1961 1104 2020 l.
1123 1961 1183 2020 for·

63 2067 138 2122 tuam
161 2084 254 2138 snam,
278 2065 330 2124 sed
353 2083 385 2123 se
407 2068 472 2142 ipse
495 2069 623 2124 accusat.
652 2093 695 2104 -
722 2059 807 2139 quod
833 2059 904 2122 uolo
932 2077 987 2140 690
1012 2077 1079 2122 esse
1102 2057 1183 2135 aliia,

64 2164 79 2221 i.
102 2185 125 2222 e.
148 2168 229 2243 quod
251 2168 324 2227 mihi
348 2187 412 2225 esse
433 2166 511 2224 nolo.
547 2165 618 2224 Cod.
638 2164 673 2224 D.
693 2171 723 2222 et
745 2165 815 2224 inde
838 2166 862 2224 Β
886 2186 943 2224 sec.
964 2185 1041 2225 man.
1062 2161 1182 2238 ‚,nolo“,

61 2267 136 2341 quod
159 2270 183 2326 ai
206 2289 310 2328 verum
334 2274 422 2342 esset,
445 2266 641 2343 significaret:
671 2273 789 2326 tantum
812 2267 931 2341 malum,
956 2267 1035 2344 quod
1057 2286 1094 2326 ne
1117 2267 1183 2326 aliie

61 2369 176 2443 quidem
199 2377 305 2450 optare
328 2372 439 2443 ausim;
475 2369 555 2447 quod
585 2379 616 2428 ct
643 2369 797 2428 obscurius
828 2369 939 2428 dictum
968 2376 1046 2429 esset
1068 2389 1123 2428 nec
1145 2370 1185 2428 ad

63 2467 156 2530 Plauti
177 2493 284 2534 mores.
308 2503 351 2514 -
374 2475 434 2532 614
457 2493 502 2549 aq.
527 2471 650 2530 Numeri
672 2472 703 2530 hi
726 2477 796 2530 aunt

61 2779 127 2838 616.
162 2780 245 2840 Duos
274 2779 410 2839 bacchica
433 2781 584 2857 excipiunt
605 2785 668 2838 tres
690 2780 822 2838 trochaei.
868 2780 913 2838 Fl.
937 2785 971 2837 ut
993 2778 1186 2836 bacchiacum

61 2885 260 2940 tetrametrum
283 2883 403 2954 facerat,
427 2883 626 2959 transposuit:
654 2881 782 2954 „habere
805 2883 945 2957 aequiust
966 2879 1044 2940 me“.
1081 2881 1182 2940 Herm.

60 2989 89 3040 et
116 2983 227 3044 Bitsch.
258 3006 295 3043 ex
323 2984 423 3044 dubiis
452 2983 560 3043 codicis
588 2983 612 3040 B
645 2984 797 3059 vestigiis:
840 2966 1045 3058 „aequomst“‚
1075 2985 1184 3041 omisso

63 3083 202 3164 „magie“,
227 3088 306 3164 quod
329 3088 460 3164 vulgaris
485 3103 581 3144 sermo
605 3084 755 3142 interdum
778 3084 922 3155 faciebat,
946 3104 974 3144 v.
998 3084 1078 3144 Men.
1103 3086 1181 3143 ⁷13:

62 3209 136 3260 „non
158 3191 259 3266 patiar
288 3189 480 3265 praeterhac,
516 3186 594 3258 Quin
617 3185 709 3244 uidua
732 3187 843 3260 uiuam,
872 3205 960 3262 quam
988 3190 1056 3244 tuos
1085 3205 1184 3244 mores

60 3293 236 3366 perferam“.
287 3291 363 3350 Rud.
396 3291 471 3350 684:
516 3287 685 3362 „Certumst
718 3289 821 3346 moriri
855 3307 940 3364 quam
976 3287 1053 3345 huuc
1086 3283 1182 3365 pati“.

59 3389 127 3452 Sall.
151 3393 239 3452 Catil.
265 3396 293 3466 9,
319 3395 351 3452 5:
389 3389 559 3468 „beneficiis
589 3409 677 3468 quam
707 3391 974 3466 metuimperium
997 3384 1182 3465 agitabant“.

61 3492 148 3555 Tacit.
163 3498 242 3554 Ann.
261 3497 284 3568 l,
305 3498 359 3555 58:
387 3513 508 3572 „pacem
527 3513 615 3572 quam
635 3492 746 3552 bellum
764 3488 959 3570 probabam“.
980 3493 1017 3552 al,
1051 3491 1183 3551 ALirio

60 3595 130 3657 hanc
156 3600 310 3658 licentiam
339 3595 491 3658 abiudicat
519 3596 691 3672 Madvigius
714 3595 838 3654 Emend.
863 3594 928 3654 hir.
952 3614 982 3671 p.
1013 3597 1069 3668 803
1104 3595 1185 3672 apud

59 3695 173 3761 Grecos
196 3707 227 3760 et
249 3703 279 3759 in
301 3701 431 3776 βούλομαι
453 3700 594 3775 frequens
617 3703 662 3758 sat
684 3703 714 3757 et
736 3697 871 3775 alioquin
893 3717 952 3756 uon
974 3696 1124 3769 inaudita,
1154 3717 1182 3757 v.

61 3799 199 3864 Herodot.
223 3803 277 3876 IX,
302 3805 355 3862 26:
379 3804 448 3861 odra
471 3793 506 3858 dv
528 3803 630 3860 δίκαιον
652 3801 733 3876 dator
757 3801 828 3872 ἔχειν
849 3803 880 3858 τὸ
903 3800 992 3876 ἕτερον
1015 3803 1092 3876 κέρας
1114 3799 1183 3876 ἥπερ

58 3902 219 3977 Ἀθηναίους.
263 3906 405 3965 Philostr.
430 3905 486 3963 Vit.
511 3903 601 3981 Soph.
626 3903 669 3977 Π,
702 3905 728 3975 l,
755 3905 788 3976 6,
812 3923 841 3981 p.
867 3905 942 3962 552:
978 3903 1052 3959 δοκεῖ
1078 3925 1126 3976 μοι
1153 3904 1184 3960 τὸ

59 4011 133 4080 pipino
148 4013 195 4068 τὸν
210 4009 328 4084 Ἰσθμὸν
349 4007 520 4072 Ποσειδῶνος
542 4007 656 4062 δεῖσθαι
678 4008 694 4075 ἢ
717 4005 823 4083 ἀνδρὸς.
848 4035 890 4046 ·-
914 4007 984 4064 617.
1008 4009 1184 4062 tetrameter

60 4107 239 4172 bacchiacue.
285 4107 388 4188 mayis
411 4109 514 4182 codd.;
541 4103 686 4182 „magist“
713 4107 748 4166 R.
772 4107 829 4180 Fr,
853 4107 904 4166 sed
928 4105 988 4166 vid.
1012 4104 1051 4163 ad
1073 4105 1183 4182 Amph.

60 4213 128 4272 590.
158 4245 200 4256 -
229 4215 290 4274 618
319 4217 437 4273 constat
465 4232 501 4270 ex
523 4209 757 4288 penthemimere
785 4209 936 4269 trochaico
965 4208 1010 4266 bis
1039 4207 1182 4284 repetito.

59 4341 100 4354 -·
122 4317 181 4376 619
206 4317 333 4376 dimeter
355 4317 481 4376 creticus
509 4333 575 4372 cum
604 4312 839 4389 penthemimere
869 4311 1031 4370 trochaico.
1055 4338 1097 4350 -
1121 4309 1184 4366 620

60 4417 193 4478 trimeter
212 4420 348 4478 creticus.
384 4431 492 4478 amm
509 4415 609 4476 Herm.
622 4413 800 4474 emendavit.
824 4443 867 4456 -
890 4415 949 4473 621
965 4419 997 4472 et
1014 4413 1053 4471 22
1076 4411 1189 4472 horum

931 4527 979 4579 ’27
