<?xml version="1.0" encoding="UTF-8"?>
<!DOCTYPE html PUBLIC "-//W3C//DTD XHTML 1.0 Transitional//EN"
    "http://www.w3.org/TR/xhtml1/DTD/xhtml1-transitional.dtd">
<html xmlns="http://www.w3.org/1999/xhtml" xml:lang="en" lang="en">
 <head>
  <title>
</title>
<meta http-equiv="Content-Type" content="text/html;charset=utf-8" />
  <meta name='ocr-system' content='tesseract 3.04.00' />
  <meta name='ocr-capabilities' content='ocr_page ocr_carea ocr_par ocr_line ocrx_word'/>
</head>
<body>
  <div class='ocr_page' id='page_1' title='image "./tmacciiplautico00ussigoog_0534.png"; bbox 0 0 2956 5010; ppageno 0'>
   <div class='ocr_carea' id='block_1_1' title="bbox 554 519 1216 588">
    <p class='ocr_par' dir='ltr' id='par_1_1' title="bbox 554 519 1216 588">
     <span class='ocr_line' id='line_1_1' title="bbox 554 519 1216 588; baseline -0.005 -14"><span class='ocrx_word' id='word_1_1' title='bbox 554 521 586 574; x_wconf 86' lang='lat' dir='ltr'><strong>V.</strong></span> <span class='ocrx_word' id='word_1_2' title='bbox 606 519 749 574; x_wconf 77' lang='grc'><strong>868-097.</strong></span> <span class='ocrx_word' id='word_1_3' title='bbox 1155 529 1216 588; x_wconf 75' lang='lat'><strong>515</strong></span> 
     </span>
    </p>
   </div>
   <div class='ocr_carea' id='block_1_2' title="bbox 84 712 1219 2952">
    <p class='ocr_par' dir='ltr' id='par_1_2' title="bbox 84 712 1219 2952">
     <span class='ocr_line' id='line_1_2' title="bbox 91 712 1214 794; baseline 0.002 -22"><span class='ocrx_word' id='word_1_4' title='bbox 91 715 185 775; x_wconf 81' lang='lat' dir='ltr'><strong>Andr.</strong></span> <span class='ocrx_word' id='word_1_5' title='bbox 211 717 287 776; x_wconf 80' lang='lat'>146:</span> <span class='ocrx_word' id='word_1_6' title='bbox 325 736 398 794; x_wconf 80' lang='lat' dir='ltr'><strong>„ego</strong></span> <span class='ocrx_word' id='word_1_7' title='bbox 427 715 502 774; x_wconf 90' lang='lat' dir='ltr'><strong>illud</strong></span> <span class='ocrx_word' id='word_1_8' title='bbox 532 715 635 774; x_wconf 89' lang='lat' dir='ltr'><strong>sedulo</strong></span> <span class='ocrx_word' id='word_1_9' title='bbox 657 735 766 792; x_wconf 82' lang='lat' dir='ltr'><strong>negare</strong></span> <span class='ocrx_word' id='word_1_10' title='bbox 788 712 928 774; x_wconf 85' lang='lat' dir='ltr'><strong>isctum“.</strong></span> <span class='ocrx_word' id='word_1_11' title='bbox 973 716 1067 775; x_wconf 88' lang='lat' dir='ltr'><strong>Lucil.</strong></span> <span class='ocrx_word' id='word_1_12' title='bbox 1092 715 1214 790; x_wconf 88' lang='lat' dir='ltr'><strong>XXVII,</strong></span> 
     </span>
     <span class='ocr_line' id='line_1_3' title="bbox 94 817 1215 897; baseline 0.002 -21"><span class='ocrx_word' id='word_1_13' title='bbox 94 821 126 876; x_wconf 92' lang='lat' dir='ltr'><strong>l:</strong></span> <span class='ocrx_word' id='word_1_14' title='bbox 171 819 315 892; x_wconf 80' lang='lat' dir='ltr'><strong>„salutem</strong></span> <span class='ocrx_word' id='word_1_15' title='bbox 348 818 425 876; x_wconf 89' lang='lat' dir='ltr'><strong>fictis</strong></span> <span class='ocrx_word' id='word_1_16' title='bbox 460 817 593 877; x_wconf 85' lang='lat' dir='ltr'><strong>versibus</strong></span> <span class='ocrx_word' id='word_1_17' title='bbox 626 817 757 878; x_wconf 83' lang='lat' dir='ltr'><strong>Lucilius</strong></span> <span class='ocrx_word' id='word_1_18' title='bbox 797 818 903 894; x_wconf 90' lang='lat' dir='ltr'><strong>quibus</strong></span> <span class='ocrx_word' id='word_1_19' title='bbox 935 825 1036 896; x_wconf 85' lang='lat' dir='ltr'><strong>potest</strong></span> <span class='ocrx_word' id='word_1_20' title='bbox 1069 821 1215 897; x_wconf 87' lang='lat' dir='ltr'><strong>impertit,</strong></span> 
     </span>
     <span class='ocr_line' id='line_1_4' title="bbox 90 919 1215 1001; baseline 0.001 -21"><span class='ocrx_word' id='word_1_21' title='bbox 90 927 247 998; x_wconf 88' lang='lat' dir='ltr'><strong>totumque</strong></span> <span class='ocrx_word' id='word_1_22' title='bbox 269 922 325 980; x_wconf 93' lang='lat' dir='ltr'><strong>boc</strong></span> <span class='ocrx_word' id='word_1_23' title='bbox 348 920 478 979; x_wconf 86' lang='lat' dir='ltr'><strong>studiose</strong></span> <span class='ocrx_word' id='word_1_24' title='bbox 504 926 535 979; x_wconf 89' lang='lat' dir='ltr'><strong>et</strong></span> <span class='ocrx_word' id='word_1_25' title='bbox 556 919 691 980; x_wconf 81' lang='lat' dir='ltr'><strong>sedulo“.</strong></span> <span class='ocrx_word' id='word_1_26' title='bbox 739 921 836 981; x_wconf 83' lang='lat' dir='ltr'><strong>Pleut.</strong></span> <span class='ocrx_word' id='word_1_27' title='bbox 861 920 948 1001; x_wconf 82' lang='lat' dir='ltr'><strong>Epid.</strong></span> <span class='ocrx_word' id='word_1_28' title='bbox 974 924 1059 998; x_wconf 55' lang='lat'><strong>2903</strong></span> <span class='ocrx_word' id='word_1_29' title='bbox 1091 922 1215 995; x_wconf 80' lang='lat' dir='ltr'><strong>,seciam</strong></span> 
     </span>
     <span class='ocr_line' id='line_1_5' title="bbox 91 1021 1214 1099; baseline 0.001 -17"><span class='ocrx_word' id='word_1_30' title='bbox 91 1021 224 1082; x_wconf 87' lang='lat' dir='ltr'><strong>sedulo“.</strong></span> <span class='ocrx_word' id='word_1_31' title='bbox 269 1023 346 1082; x_wconf 87' lang='lat' dir='ltr'><strong>Rud.</strong></span> <span class='ocrx_word' id='word_1_32' title='bbox 372 1025 442 1082; x_wconf 87' lang='lat'>242.</span> <span class='ocrx_word' id='word_1_33' title='bbox 488 1023 555 1081; x_wconf 84' lang='lat' dir='ltr'><strong>Ter.</strong></span> <span class='ocrx_word' id='word_1_34' title='bbox 579 1023 636 1083; x_wconf 81' lang='lat' dir='ltr'><strong>Ad.</strong></span> <span class='ocrx_word' id='word_1_35' title='bbox 661 1025 738 1099; x_wconf 80' lang='lat'>413:</span> <span class='ocrx_word' id='word_1_36' title='bbox 766 1025 834 1096; x_wconf 85' lang='lat' dir='ltr'><strong>,Fit</strong></span> <span class='ocrx_word' id='word_1_37' title='bbox 856 1023 990 1084; x_wconf 86' lang='lat' dir='ltr'><strong>sedulo“.</strong></span> <span class='ocrx_word' id='word_1_38' title='bbox 1031 1025 1111 1084; x_wconf 88' lang='lat' dir='ltr'><strong>Pers.</strong></span> <span class='ocrx_word' id='word_1_39' title='bbox 1137 1026 1214 1085; x_wconf 89' lang='lat'>840:</span> 
     </span>
     <span class='ocr_line' id='line_1_6' title="bbox 93 1122 1214 1202; baseline 0.002 -16"><span class='ocrx_word' id='word_1_40' title='bbox 93 1128 216 1202; x_wconf 81' lang='lat' dir='ltr'><strong>„sedulo</strong></span> <span class='ocrx_word' id='word_1_41' title='bbox 247 1124 386 1186; x_wconf 85' lang='lat' dir='ltr'><strong>curebo“.</strong></span> <span class='ocrx_word' id='word_1_42' title='bbox 411 1127 449 1185; x_wconf 85' lang='lat' dir='ltr'><strong>sl.</strong></span> <span class='ocrx_word' id='word_1_43' title='bbox 487 1157 523 1166; x_wconf 86' lang='lat'>-</span> <span class='ocrx_word' id='word_1_44' title='bbox 555 1125 625 1185; x_wconf 88' lang='lat'>881.</span> <span class='ocrx_word' id='word_1_45' title='bbox 655 1123 765 1201; x_wconf 78' lang='lat' dir='ltr'><strong>quoius</strong></span> <span class='ocrx_word' id='word_1_46' title='bbox 788 1131 818 1184; x_wconf 86' lang='lat' dir='ltr'><strong>et</strong></span> <span class='ocrx_word' id='word_1_47' title='bbox 845 1122 919 1186; x_wconf 80' lang='lat' dir='ltr'><strong>ln&#39;nc</strong></span> <span class='ocrx_word' id='word_1_48' title='bbox 949 1129 1019 1187; x_wconf 90' lang='lat' dir='ltr'><strong>olim</strong></span> <span class='ocrx_word' id='word_1_49' title='bbox 1049 1128 1214 1188; x_wconf 80' lang='lat' dir='ltr'><strong>emendate.</strong></span> 
     </span>
     <span class='ocr_line' id='line_1_7' title="bbox 90 1223 1216 1306; baseline -0.002 -16"><span class='ocrx_word' id='word_1_50' title='bbox 90 1226 154 1290; x_wconf 78' lang='grc'><strong>0011</strong></span> <span class='ocrx_word' id='word_1_51' title='bbox 176 1229 273 1303; x_wconf 77' lang='lat' dir='ltr'><strong>Roth,</strong></span> <span class='ocrx_word' id='word_1_52' title='bbox 303 1250 331 1288; x_wconf 85' lang='lat' dir='ltr'><strong>v.</strong></span> <span class='ocrx_word' id='word_1_53' title='bbox 357 1231 427 1288; x_wconf 90' lang='lat'>281.</span> <span class='ocrx_word' id='word_1_54' title='bbox 461 1259 498 1270; x_wconf 88' lang='lat'>-</span> <span class='ocrx_word' id='word_1_55' title='bbox 535 1229 605 1289; x_wconf 91' lang='lat'>882.</span> <span class='ocrx_word' id='word_1_56' title='bbox 645 1223 770 1288; x_wconf 72' lang='grc'><strong>8109103</strong></span> <span class='ocrx_word' id='word_1_57' title='bbox 801 1235 831 1286; x_wconf 89' lang='lat' dir='ltr'><strong>et</strong></span> <span class='ocrx_word' id='word_1_58' title='bbox 858 1223 903 1288; x_wconf 82' lang='lat' dir='ltr'><strong>At</strong></span> <span class='ocrx_word' id='word_1_59' title='bbox 929 1231 998 1288; x_wconf 88' lang='lat' dir='ltr'><strong>olim</strong></span> <span class='ocrx_word' id='word_1_60' title='bbox 1031 1230 1145 1306; x_wconf 79' lang='lat' dir='ltr'><strong>emend.</strong></span> <span class='ocrx_word' id='word_1_61' title='bbox 1174 1259 1216 1271; x_wconf 92' lang='lat'><em>-</em></span> 
     </span>
     <span class='ocr_line' id='line_1_8' title="bbox 90 1327 1217 1411; baseline 0.002 -21"><span class='ocrx_word' id='word_1_62' title='bbox 90 1333 273 1406; x_wconf 77' lang='lat' dir='ltr'><strong>Stalagmum</strong></span> <span class='ocrx_word' id='word_1_63' title='bbox 297 1327 367 1391; x_wconf 78' lang='lat' dir='ltr'><strong>boin</strong></span> <span class='ocrx_word' id='word_1_64' title='bbox 389 1334 521 1390; x_wconf 86' lang='lat' dir='ltr'><strong>vinctum</strong></span> <span class='ocrx_word' id='word_1_65' title='bbox 545 1351 609 1390; x_wconf 89' lang='lat' dir='ltr'><strong>esse</strong></span> <span class='ocrx_word' id='word_1_66' title='bbox 632 1333 720 1404; x_wconf 84' lang='lat' dir='ltr'><strong>dicit,</strong></span> <span class='ocrx_word' id='word_1_67' title='bbox 744 1351 771 1392; x_wconf 80' lang='lat' dir='ltr'><strong>v.</strong></span> <span class='ocrx_word' id='word_1_68' title='bbox 794 1333 877 1391; x_wconf 83' lang='lat' dir='ltr'><strong>Asin.</strong></span> <span class='ocrx_word' id='word_1_69' title='bbox 903 1333 973 1392; x_wconf 84' lang='lat'>544.</span> <span class='ocrx_word' id='word_1_70' title='bbox 1020 1333 1118 1408; x_wconf 83' lang='lat' dir='ltr'><strong>Servi,</strong></span> <span class='ocrx_word' id='word_1_71' title='bbox 1142 1353 1217 1411; x_wconf 91' lang='lat' dir='ltr'><strong>quos</strong></span> 
     </span>
     <span class='ocr_line' id='line_1_9' title="bbox 89 1435 1217 1512; baseline 0 -18"><span class='ocrx_word' id='word_1_72' title='bbox 89 1437 208 1495; x_wconf 81' lang='lat' dir='ltr'><strong>viuculo</strong></span> <span class='ocrx_word' id='word_1_73' title='bbox 230 1435 375 1494; x_wconf 83' lang='lat' dir='ltr'><strong>tenebunt</strong></span> <span class='ocrx_word' id='word_1_74' title='bbox 396 1440 427 1494; x_wconf 89' lang='lat' dir='ltr'><strong>et</strong></span> <span class='ocrx_word' id='word_1_75' title='bbox 450 1435 599 1507; x_wconf 75' lang='lat' dir='ltr'><strong>terebant,</strong></span> <span class='ocrx_word' id='word_1_76' title='bbox 635 1436 692 1512; x_wconf 92' lang='lat' dir='ltr'><strong>ipsi</strong></span> <span class='ocrx_word' id='word_1_77' title='bbox 721 1435 778 1493; x_wconf 89' lang='lat' dir='ltr'><strong>sibi</strong></span> <span class='ocrx_word' id='word_1_78' title='bbox 801 1441 920 1494; x_wconf 83' lang='lat' dir='ltr'><strong>ostense</strong></span> <span class='ocrx_word' id='word_1_79' title='bbox 942 1443 1045 1494; x_wconf 86' lang='lat' dir='ltr'><strong>tenere</strong></span> <span class='ocrx_word' id='word_1_80' title='bbox 1069 1443 1099 1494; x_wconf 87' lang='lat' dir='ltr'><strong>et</strong></span> <span class='ocrx_word' id='word_1_81' title='bbox 1120 1442 1217 1495; x_wconf 90' lang='lat' dir='ltr'><strong>terere</strong></span> 
     </span>
     <span class='ocr_line' id='line_1_10' title="bbox 89 1533 1216 1612; baseline 0.001 -15"><span class='ocrx_word' id='word_1_82' title='bbox 89 1533 266 1598; x_wconf 76' lang='lat' dir='ltr'><strong>dicebantur</strong></span> <span class='ocrx_word' id='word_1_83' title='bbox 289 1535 335 1610; x_wconf 90' lang='lat' dir='ltr'><strong>(ut</strong></span> <span class='ocrx_word' id='word_1_84' title='bbox 360 1539 419 1597; x_wconf 86' lang='grc'><strong>846</strong></span> <span class='ocrx_word' id='word_1_85' title='bbox 444 1535 622 1611; x_wconf 82' lang='lat' dir='ltr'><strong>custodire),</strong></span> <span class='ocrx_word' id='word_1_86' title='bbox 647 1538 682 1596; x_wconf 82' lang='lat' dir='ltr'><strong>cf.</strong></span> <span class='ocrx_word' id='word_1_87' title='bbox 706 1539 773 1596; x_wconf 84' lang='lat' dir='ltr'><strong>Aul.</strong></span> <span class='ocrx_word' id='word_1_88' title='bbox 800 1540 869 1597; x_wconf 80' lang='grc'><strong>587.</strong></span> <span class='ocrx_word' id='word_1_89' title='bbox 915 1537 995 1597; x_wconf 90' lang='lat' dir='ltr'><strong>Pers.</strong></span> <span class='ocrx_word' id='word_1_90' title='bbox 1014 1540 1092 1598; x_wconf 88' lang='lat'>421:</span> <span class='ocrx_word' id='word_1_91' title='bbox 1120 1561 1216 1612; x_wconf 87' lang='lat' dir='ltr'><strong>„com-</strong></span> 
     </span>
     <span class='ocr_line' id='line_1_11' title="bbox 87 1637 1216 1719; baseline 0.002 -21"><span class='ocrx_word' id='word_1_92' title='bbox 87 1640 210 1719; x_wconf 85' lang='lat' dir='ltr'><strong>pedium</strong></span> <span class='ocrx_word' id='word_1_93' title='bbox 233 1637 353 1700; x_wconf 82' lang='lat' dir='ltr'><strong>tritor“.</strong></span> <span class='ocrx_word' id='word_1_94' title='bbox 399 1640 479 1698; x_wconf 87' lang='lat' dir='ltr'><strong>Trin.</strong></span> <span class='ocrx_word' id='word_1_95' title='bbox 515 1641 610 1699; x_wconf 87' lang='lat'>1022:</span> <span class='ocrx_word' id='word_1_96' title='bbox 649 1637 829 1712; x_wconf 84' lang='lat' dir='ltr'><strong>,ferriteri“.</strong></span> <span class='ocrx_word' id='word_1_97' title='bbox 885 1640 972 1700; x_wconf 87' lang='lat' dir='ltr'><strong>Most.</strong></span> <span class='ocrx_word' id='word_1_98' title='bbox 997 1643 1075 1700; x_wconf 78' lang='lat'><strong>732:</strong></span> <span class='ocrx_word' id='word_1_99' title='bbox 1113 1643 1216 1715; x_wconf 84' lang='lat' dir='ltr'><strong>,ferri-</strong></span> 
     </span>
     <span class='ocr_line' id='line_1_12' title="bbox 88 1737 1215 1815; baseline 0.003 -15"><span class='ocrx_word' id='word_1_100' title='bbox 88 1737 229 1801; x_wconf 87' lang='lat' dir='ltr'><strong>terium“.</strong></span> <span class='ocrx_word' id='word_1_101' title='bbox 267 1745 342 1802; x_wconf 84' lang='lat'>349:</span> <span class='ocrx_word' id='word_1_102' title='bbox 369 1741 619 1815; x_wconf 82' lang='lat' dir='ltr'><strong>„ferritribsoee“.</strong></span> <span class='ocrx_word' id='word_1_103' title='bbox 654 1743 711 1802; x_wconf 82' lang='lat' dir='ltr'><strong>Sed</strong></span> <span class='ocrx_word' id='word_1_104' title='bbox 737 1744 832 1802; x_wconf 73' lang='lat' dir='ltr'><strong>terere</strong></span> <span class='ocrx_word' id='word_1_105' title='bbox 855 1745 943 1802; x_wconf 84' lang='lat' dir='ltr'><strong>etism</strong></span> <span class='ocrx_word' id='word_1_106' title='bbox 969 1743 1105 1802; x_wconf 73' lang='lat' dir='ltr'><strong>obscoeno</strong></span> <span class='ocrx_word' id='word_1_107' title='bbox 1129 1765 1215 1804; x_wconf 89' lang='lat' dir='ltr'><strong>sensu</strong></span> 
     </span>
     <span class='ocr_line' id='line_1_13' title="bbox 88 1839 1216 1924; baseline 0.003 -21"><span class='ocrx_word' id='word_1_108' title='bbox 88 1845 246 1904; x_wconf 71' lang='lat' dir='ltr'><strong>dicebatur</strong></span> <span class='ocrx_word' id='word_1_109' title='bbox 269 1846 304 1903; x_wconf 93' lang='lat' dir='ltr'><strong>de</strong></span> <span class='ocrx_word' id='word_1_110' title='bbox 327 1846 485 1904; x_wconf 74' lang='lat' dir='ltr'><strong>concubitu</strong></span> <span class='ocrx_word' id='word_1_111' title='bbox 511 1842 560 1919; x_wconf 81' lang='lat' dir='ltr'><strong>(ol.</strong></span> <span class='ocrx_word' id='word_1_112' title='bbox 584 1845 675 1922; x_wconf 89' lang='lat' dir='ltr'><strong>Prop.</strong></span> <span class='ocrx_word' id='word_1_113' title='bbox 698 1845 751 1917; x_wconf 89' lang='lat'><strong>111,</strong></span> <span class='ocrx_word' id='word_1_114' title='bbox 778 1845 825 1918; x_wconf 93' lang='lat' dir='ltr'><strong>ll,</strong></span> <span class='ocrx_word' id='word_1_115' title='bbox 850 1839 913 1922; x_wconf 83' lang='lat'>30).</span> <span class='ocrx_word' id='word_1_116' title='bbox 958 1845 1044 1906; x_wconf 89' lang='lat' dir='ltr'><strong>Unde</strong></span> <span class='ocrx_word' id='word_1_117' title='bbox 1066 1849 1216 1924; x_wconf 76' lang='lat' dir='ltr'><strong>parasitus</strong></span> 
     </span>
     <span class='ocr_line' id='line_1_14' title="bbox 88 1947 1217 2027; baseline 0.001 -21"><span class='ocrx_word' id='word_1_118' title='bbox 88 1948 259 2007; x_wconf 79' lang='lat' dir='ltr'><strong>scurriliter</strong></span> <span class='ocrx_word' id='word_1_119' title='bbox 291 1947 397 2006; x_wconf 87' lang='lat' dir='ltr'><strong>ludens</strong></span> <span class='ocrx_word' id='word_1_120' title='bbox 430 1947 529 2006; x_wconf 82' lang='lat' dir='ltr'><strong>boiam</strong></span> <span class='ocrx_word' id='word_1_121' title='bbox 566 1951 591 2005; x_wconf 90' lang='lat' dir='ltr'><strong>ei</strong></span> <span class='ocrx_word' id='word_1_122' title='bbox 625 1968 748 2007; x_wconf 87' lang='lat' dir='ltr'><strong>uxorem</strong></span> <span class='ocrx_word' id='word_1_123' title='bbox 782 1967 845 2005; x_wconf 90' lang='lat' dir='ltr'><strong>esee</strong></span> <span class='ocrx_word' id='word_1_124' title='bbox 874 1948 960 2020; x_wconf 86' lang='lat' dir='ltr'><strong>dicit,</strong></span> <span class='ocrx_word' id='word_1_125' title='bbox 997 1953 1154 2027; x_wconf 88' lang='lat' dir='ltr'><strong>ipsumque</strong></span> <span class='ocrx_word' id='word_1_126' title='bbox 1184 1969 1217 2008; x_wconf 89' lang='lat' dir='ltr'><strong>se</strong></span> 
     </span>
     <span class='ocr_line' id='line_1_15' title="bbox 87 2046 1218 2130; baseline 0.002 -22"><span class='ocrx_word' id='word_1_127' title='bbox 87 2058 199 2130; x_wconf 81' lang='lat' dir='ltr'><strong>putere</strong></span> <span class='ocrx_word' id='word_1_128' title='bbox 222 2051 301 2110; x_wconf 83' lang='lat' dir='ltr'><strong>Boioe</strong></span> <span class='ocrx_word' id='word_1_129' title='bbox 330 2052 459 2110; x_wconf 84' lang='lat' dir='ltr'><strong>ustionis</strong></span> <span class='ocrx_word' id='word_1_130' title='bbox 482 2071 519 2108; x_wconf 88' lang='lat' dir='ltr'><strong>ex</strong></span> <span class='ocrx_word' id='word_1_131' title='bbox 541 2049 640 2109; x_wconf 82' lang='lat' dir='ltr'><strong>Gellio</strong></span> <span class='ocrx_word' id='word_1_132' title='bbox 663 2051 808 2128; x_wconf 75' lang='lat' dir='ltr'><strong>cisalpino</strong></span> <span class='ocrx_word' id='word_1_133' title='bbox 831 2071 902 2110; x_wconf 89' lang='lat' dir='ltr'><strong>esse.</strong></span> <span class='ocrx_word' id='word_1_134' title='bbox 933 2081 969 2092; x_wconf 93' lang='lat'><em>-</em></span> <span class='ocrx_word' id='word_1_135' title='bbox 1008 2051 1078 2111; x_wconf 91' lang='lat'>844.</span> <span class='ocrx_word' id='word_1_136' title='bbox 1098 2046 1218 2111; x_wconf 62' lang='lat' dir='ltr'><strong>tona-n</strong></span> 
     </span>
     <span class='ocr_line' id='line_1_16' title="bbox 85 2149 1217 2230; baseline 0.002 -18"><span class='ocrx_word' id='word_1_137' title='bbox 85 2150 167 2230; x_wconf 78' lang='lat' dir='ltr'><strong>fide,</strong></span> <span class='ocrx_word' id='word_1_138' title='bbox 202 2155 238 2212; x_wconf 87' lang='lat' dir='ltr'><strong>cf.</strong></span> <span class='ocrx_word' id='word_1_139' title='bbox 268 2154 335 2212; x_wconf 82' lang='lat' dir='ltr'><strong>Aul.</strong></span> <span class='ocrx_word' id='word_1_140' title='bbox 367 2155 438 2212; x_wconf 83' lang='grc'><strong>765.</strong></span> <span class='ocrx_word' id='word_1_141' title='bbox 479 2183 521 2194; x_wconf 92' lang='grc'><strong>-</strong></span> <span class='ocrx_word' id='word_1_142' title='bbox 555 2151 628 2214; x_wconf 83' lang='grc'><strong>886.</strong></span> <span class='ocrx_word' id='word_1_143' title='bbox 666 2167 756 2228; x_wconf 81' lang='lat' dir='ltr'><strong>qnosn</strong></span> <span class='ocrx_word' id='word_1_144' title='bbox 790 2149 901 2226; x_wconf 73' lang='lat' dir='ltr'><strong>intent,</strong></span> <span class='ocrx_word' id='word_1_145' title='bbox 940 2173 1008 2211; x_wconf 88' lang='lat' dir='ltr'><strong>nem</strong></span> <span class='ocrx_word' id='word_1_146' title='bbox 1044 2156 1156 2213; x_wconf 82' lang='lat' dir='ltr'><strong>iuravit</strong></span> <span class='ocrx_word' id='word_1_147' title='bbox 1188 2175 1217 2214; x_wconf 85' lang='lat' dir='ltr'><strong>v.</strong></span> 
     </span>
     <span class='ocr_line' id='line_1_17' title="bbox 88 2251 1217 2334; baseline -0.001 -18"><span class='ocrx_word' id='word_1_148' title='bbox 88 2259 152 2316; x_wconf 80' lang='lat'><strong>874</strong></span> <span class='ocrx_word' id='word_1_149' title='bbox 176 2277 240 2334; x_wconf 88' lang='lat' dir='ltr'><strong>sqq.</strong></span> <span class='ocrx_word' id='word_1_150' title='bbox 270 2285 311 2296; x_wconf 86' lang='lat'><strong>-</strong></span> <span class='ocrx_word' id='word_1_151' title='bbox 342 2258 412 2316; x_wconf 91' lang='grc'><strong>889.</strong></span> <span class='ocrx_word' id='word_1_152' title='bbox 437 2251 612 2328; x_wconf 73' lang='lat' dir='ltr'><strong>cellarium,</strong></span> <span class='ocrx_word' id='word_1_153' title='bbox 643 2257 723 2314; x_wconf 79' lang='lat' dir='ltr'><strong>oellae</strong></span> <span class='ocrx_word' id='word_1_154' title='bbox 752 2257 938 2334; x_wconf 76' lang='lat' dir='ltr'><strong>prefectum,</strong></span> <span class='ocrx_word' id='word_1_155' title='bbox 970 2256 1005 2315; x_wconf 84' lang='lat' dir='ltr'><strong>of.</strong></span> <span class='ocrx_word' id='word_1_156' title='bbox 1029 2257 1217 2333; x_wconf 85' lang='lat' dir='ltr'><strong>Msrqnerdt,</strong></span> 
     </span>
     <span class='ocr_line' id='line_1_18' title="bbox 86 2353 1216 2438; baseline -0.001 -19"><span class='ocrx_word' id='word_1_157' title='bbox 86 2359 394 2419; x_wconf 81' lang='lat' dir='ltr'><strong>Privsteltertbtlmer</strong></span> <span class='ocrx_word' id='word_1_158' title='bbox 415 2361 439 2433; x_wconf 95' lang='lat' dir='ltr'><strong>I,</strong></span> <span class='ocrx_word' id='word_1_159' title='bbox 463 2381 492 2438; x_wconf 89' lang='lat' dir='ltr'><strong>p.</strong></span> <span class='ocrx_word' id='word_1_160' title='bbox 520 2359 588 2418; x_wconf 80' lang='lat'>161.</span> <span class='ocrx_word' id='word_1_161' title='bbox 619 2389 662 2399; x_wconf 90' lang='lat'>-</span> <span class='ocrx_word' id='word_1_162' title='bbox 691 2359 762 2418; x_wconf 86' lang='grc'><strong>899.</strong></span> <span class='ocrx_word' id='word_1_163' title='bbox 790 2353 893 2430; x_wconf 80' lang='grc' dir='ltr'><strong>Νο01;</strong></span> <span class='ocrx_word' id='word_1_164' title='bbox 928 2359 1074 2418; x_wconf 83' lang='lat' dir='ltr'><strong>antehoc</strong></span> <span class='ocrx_word' id='word_1_165' title='bbox 1097 2359 1216 2418; x_wconf 78' lang='lat' dir='ltr'><strong>audias:</strong></span> 
     </span>
     <span class='ocr_line' id='line_1_19' title="bbox 89 2457 1218 2540; baseline -0.002 -18"><span class='ocrx_word' id='word_1_166' title='bbox 89 2463 203 2536; x_wconf 87' lang='lat' dir='ltr'><strong>„Recte</strong></span> <span class='ocrx_word' id='word_1_167' title='bbox 214 2469 248 2520; x_wconf 92' lang='lat' dir='ltr'><strong>tu</strong></span> <span class='ocrx_word' id='word_1_168' title='bbox 261 2458 410 2540; x_wconf 88' lang='lat' dir='ltr'><strong>quidem“‚</strong></span> <span class='ocrx_word' id='word_1_169' title='bbox 430 2463 490 2522; x_wconf 84' lang='lat' dir='ltr'><strong>vid.</strong></span> <span class='ocrx_word' id='word_1_170' title='bbox 504 2463 541 2521; x_wconf 84' lang='lat' dir='ltr'><strong>cd</strong></span> <span class='ocrx_word' id='word_1_171' title='bbox 553 2463 621 2520; x_wconf 87' lang='lat' dir='ltr'><strong>Aul.</strong></span> <span class='ocrx_word' id='word_1_172' title='bbox 636 2464 707 2521; x_wconf 77' lang='lat'>470.</span> <span class='ocrx_word' id='word_1_173' title='bbox 741 2457 990 2534; x_wconf 69' lang='lat' dir='ltr'><strong>mantiscinatus,</strong></span> <span class='ocrx_word' id='word_1_174' title='bbox 1014 2481 1072 2518; x_wconf 85' lang='lat' dir='ltr'><strong>vox</strong></span> <span class='ocrx_word' id='word_1_175' title='bbox 1084 2462 1218 2521; x_wconf 81' lang='lat' dir='ltr'><strong>incndite</strong></span> 
     </span>
     <span class='ocr_line' id='line_1_20' title="bbox 86 2563 1219 2644; baseline -0.001 -21"><span class='ocrx_word' id='word_1_176' title='bbox 86 2575 116 2624; x_wconf 81' lang='lat' dir='ltr'><strong>et</strong></span> <span class='ocrx_word' id='word_1_177' title='bbox 148 2565 278 2625; x_wconf 82' lang='lat' dir='ltr'><strong>fortusse</strong></span> <span class='ocrx_word' id='word_1_178' title='bbox 301 2569 449 2644; x_wconf 77' lang='lat' dir='ltr'><strong>corrupto.</strong></span> <span class='ocrx_word' id='word_1_179' title='bbox 510 2565 673 2624; x_wconf 71' lang='lat' dir='ltr'><strong>Salmasius</strong></span> <span class='ocrx_word' id='word_1_180' title='bbox 699 2563 936 2642; x_wconf 80' lang='lat' dir='ltr'><strong>„panticinstus“</strong></span> <span class='ocrx_word' id='word_1_181' title='bbox 964 2566 1104 2637; x_wconf 88' lang='lat' dir='ltr'><strong>coniecit,</strong></span> <span class='ocrx_word' id='word_1_182' title='bbox 1143 2566 1219 2637; x_wconf 89' lang='lat' dir='ltr'><strong>„nisi</strong></span> 
     </span>
     <span class='ocr_line' id='line_1_21' title="bbox 85 2661 1217 2746; baseline 0 -20"><span class='ocrx_word' id='word_1_183' title='bbox 85 2669 233 2746; x_wconf 81' lang='lat' dir='ltr'><strong>pantices,</strong></span> <span class='ocrx_word' id='word_1_184' title='bbox 257 2670 276 2727; x_wconf 93' lang='lat' dir='ltr'><strong>i.</strong></span> <span class='ocrx_word' id='word_1_185' title='bbox 296 2689 320 2727; x_wconf 90' lang='lat' dir='ltr'><strong>e.</strong></span> <span class='ocrx_word' id='word_1_186' title='bbox 343 2675 478 2726; x_wconf 86' lang='lat' dir='ltr'><strong>ventrem</strong></span> <span class='ocrx_word' id='word_1_187' title='bbox 501 2661 696 2746; x_wconf 78' lang='lat' dir='ltr'><strong>implevero“.</strong></span> <span class='ocrx_word' id='word_1_188' title='bbox 749 2667 807 2727; x_wconf 86' lang='lat' dir='ltr'><strong>Sed</strong></span> <span class='ocrx_word' id='word_1_189' title='bbox 830 2669 961 2726; x_wconf 89' lang='lat' dir='ltr'><strong>nondum</strong></span> <span class='ocrx_word' id='word_1_190' title='bbox 985 2669 1015 2726; x_wconf 91' lang='lat' dir='ltr'><strong>in</strong></span> <span class='ocrx_word' id='word_1_191' title='bbox 1039 2688 1075 2727; x_wconf 87' lang='lat' dir='ltr'><strong>eo</strong></span> <span class='ocrx_word' id='word_1_192' title='bbox 1099 2673 1145 2726; x_wconf 86' lang='lat' dir='ltr'><strong>est</strong></span> <span class='ocrx_word' id='word_1_193' title='bbox 1167 2689 1217 2746; x_wconf 85' lang='lat' dir='ltr'><strong>pe·</strong></span> 
     </span>
     <span class='ocr_line' id='line_1_22' title="bbox 84 2770 1219 2848; baseline -0.002 -18"><span class='ocrx_word' id='word_1_194' title='bbox 84 2775 200 2830; x_wconf 80' lang='lat' dir='ltr'><strong>resitue</strong></span> <span class='ocrx_word' id='word_1_195' title='bbox 229 2777 264 2829; x_wconf 86' lang='lat' dir='ltr'><strong>ut</strong></span> <span class='ocrx_word' id='word_1_196' title='bbox 291 2779 424 2829; x_wconf 86' lang='lat' dir='ltr'><strong>ventrem</strong></span> <span class='ocrx_word' id='word_1_197' title='bbox 454 2771 587 2848; x_wconf 82' lang='lat' dir='ltr'><strong>impleut,</strong></span> <span class='ocrx_word' id='word_1_198' title='bbox 623 2791 723 2828; x_wconf 80' lang='lat' dir='ltr'><strong>cenans</strong></span> <span class='ocrx_word' id='word_1_199' title='bbox 752 2777 912 2848; x_wconf 80' lang='lat' dir='ltr'><strong>paraturus</strong></span> <span class='ocrx_word' id='word_1_200' title='bbox 935 2775 996 2843; x_wconf 79' lang='lat' dir='ltr'><strong>est;</strong></span> <span class='ocrx_word' id='word_1_201' title='bbox 1031 2770 1219 2828; x_wconf 81' lang='lat' dir='ltr'><strong>desideretur</strong></span> 
     </span>
     <span class='ocr_line' id='line_1_23' title="bbox 86 2873 1216 2952; baseline -0.003 -19"><span class='ocrx_word' id='word_1_202' title='bbox 86 2893 259 2952; x_wconf 84' lang='lat' dir='ltr'><strong>sumpsero,</strong></span> <span class='ocrx_word' id='word_1_203' title='bbox 294 2893 483 2951; x_wconf 90' lang='lat' dir='ltr'><strong>prompsero,</strong></span> <span class='ocrx_word' id='word_1_204' title='bbox 518 2874 674 2950; x_wconf 90' lang='lat' dir='ltr'><strong>imperium</strong></span> <span class='ocrx_word' id='word_1_205' title='bbox 709 2891 880 2944; x_wconf 88' lang='lat' dir='ltr'><strong>exercuero,</strong></span> <span class='ocrx_word' id='word_1_206' title='bbox 916 2878 969 2930; x_wconf 80' lang='lat' dir='ltr'><strong>sut</strong></span> <span class='ocrx_word' id='word_1_207' title='bbox 1003 2873 1100 2931; x_wconf 89' lang='lat' dir='ltr'><strong>simile</strong></span> <span class='ocrx_word' id='word_1_208' title='bbox 1134 2873 1216 2949; x_wconf 92' lang='lat' dir='ltr'><strong>quid.</strong></span> 
     </span>
    </p>
   </div>
   <div class='ocr_carea' id='block_1_3' title="bbox 85 2960 1215 3054">
    <p class='ocr_par' dir='ltr' id='par_1_3' title="bbox 85 2960 1215 3054">
     <span class='ocr_line' id='line_1_24' title="bbox 85 2960 1215 3054; baseline -0.002 -19"><span class='ocrx_word' id='word_1_209' title='bbox 85 2979 198 3054; x_wconf 79' lang='lat' dir='ltr'><strong>ltaque</strong></span> <span class='ocrx_word' id='word_1_210' title='bbox 222 2977 301 3053; x_wconf 89' lang='lat' dir='ltr'><strong>quod</strong></span> <span class='ocrx_word' id='word_1_211' title='bbox 324 2977 459 3054; x_wconf 87' lang='lat' dir='ltr'><strong>plerique</strong></span> <span class='ocrx_word' id='word_1_212' title='bbox 486 2978 670 3053; x_wconf 85' lang='lat' dir='ltr'><strong>scripserunt</strong></span> <span class='ocrx_word' id='word_1_213' title='bbox 695 2972 955 3047; x_wconf 82' lang='lat' dir='ltr'><strong>„ms11ticinotus“,</strong></span> <span class='ocrx_word' id='word_1_214' title='bbox 980 2995 998 3032; x_wconf 84' lang='lat' dir='ltr'><strong>s</strong></span> <span class='ocrx_word' id='word_1_215' title='bbox 1019 2960 1107 3050; x_wconf 57' lang='lat' dir='ltr'><strong>idme,</strong></span> <span class='ocrx_word' id='word_1_216' title='bbox 1132 2978 1215 3052; x_wconf 85' lang='lat' dir='ltr'><strong>qussi</strong></span> 
     </span>
    </p>
   </div>
   <div class='ocr_carea' id='block_1_4' title="bbox 86 3077 1221 4576">
    <p class='ocr_par' dir='ltr' id='par_1_4' title="bbox 86 3077 1221 4079">
     <span class='ocr_line' id='line_1_25' title="bbox 86 3077 1216 3154; baseline -0.003 -16"><span class='ocrx_word' id='word_1_217' title='bbox 86 3081 286 3150; x_wconf 76' lang='lat' dir='ltr'><strong>vaticinatus,</strong></span> <span class='ocrx_word' id='word_1_218' title='bbox 318 3081 408 3136; x_wconf 81' lang='lat' dir='ltr'><strong>etism</strong></span> <span class='ocrx_word' id='word_1_219' title='bbox 431 3081 455 3136; x_wconf 87' lang='lat' dir='ltr'><strong>si</strong></span> <span class='ocrx_word' id='word_1_220' title='bbox 479 3078 630 3136; x_wconf 87' lang='lat' dir='ltr'><strong>credibilis</strong></span> <span class='ocrx_word' id='word_1_221' title='bbox 654 3084 730 3136; x_wconf 86' lang='lat' dir='ltr'><strong>esset</strong></span> <span class='ocrx_word' id='word_1_222' title='bbox 754 3077 836 3135; x_wconf 86' lang='lat' dir='ltr'><strong>verbi</strong></span> <span class='ocrx_word' id='word_1_223' title='bbox 859 3077 1019 3150; x_wconf 78' lang='lat' dir='ltr'><strong>formatio,</strong></span> <span class='ocrx_word' id='word_1_224' title='bbox 1055 3077 1133 3154; x_wconf 92' lang='lat' dir='ltr'><strong>quod</strong></span> <span class='ocrx_word' id='word_1_225' title='bbox 1157 3097 1216 3136; x_wconf 92' lang='lat' dir='ltr'><strong>uon</strong></span> 
     </span>
     <span class='ocr_line' id='line_1_26' title="bbox 88 3173 1218 3252; baseline -0.004 -11"><span class='ocrx_word' id='word_1_226' title='bbox 88 3191 145 3252; x_wconf 87' lang='lat' dir='ltr'><strong>est,</strong></span> <span class='ocrx_word' id='word_1_227' title='bbox 171 3189 270 3240; x_wconf 83' lang='lat' dir='ltr'><strong>tumen</strong></span> <span class='ocrx_word' id='word_1_228' title='bbox 294 3203 310 3239; x_wconf 83' lang='lat' dir='ltr'><strong>s</strong></span> <span class='ocrx_word' id='word_1_229' title='bbox 333 3182 390 3241; x_wconf 88' lang='lat' dir='ltr'><strong>loci</strong></span> <span class='ocrx_word' id='word_1_230' title='bbox 414 3201 502 3239; x_wconf 87' lang='lat' dir='ltr'><strong>sensu</strong></span> <span class='ocrx_word' id='word_1_231' title='bbox 526 3181 710 3238; x_wconf 85' lang='lat' dir='ltr'><strong>obhorreret.</strong></span> <span class='ocrx_word' id='word_1_232' title='bbox 748 3179 1004 3252; x_wconf 80' lang='lat' dir='ltr'><strong>„Manticulundi“</strong></span> <span class='ocrx_word' id='word_1_233' title='bbox 1032 3173 1131 3238; x_wconf 82' lang='lat' dir='ltr'><strong>eutem</strong></span> <span class='ocrx_word' id='word_1_234' title='bbox 1154 3179 1218 3236; x_wconf 74' lang='lat' dir='ltr'><strong>ier·</strong></span> 
     </span>
     <span class='ocr_line' id='line_1_27' title="bbox 86 3283 1220 3362; baseline -0.004 -18"><span class='ocrx_word' id='word_1_235' title='bbox 86 3286 171 3357; x_wconf 88' lang='lat' dir='ltr'><strong>bum,</strong></span> <span class='ocrx_word' id='word_1_236' title='bbox 196 3284 233 3342; x_wconf 91' lang='lat' dir='ltr'><strong>de</strong></span> <span class='ocrx_word' id='word_1_237' title='bbox 256 3303 315 3361; x_wconf 94' lang='lat' dir='ltr'><strong>quo</strong></span> <span class='ocrx_word' id='word_1_238' title='bbox 340 3283 399 3343; x_wconf 88' lang='lat' dir='ltr'><strong>vid.</strong></span> <span class='ocrx_word' id='word_1_239' title='bbox 423 3283 503 3342; x_wconf 83' lang='lat' dir='ltr'><strong>Fest.</strong></span> <span class='ocrx_word' id='word_1_240' title='bbox 527 3305 556 3362; x_wconf 90' lang='lat' dir='ltr'><strong>p.</strong></span> <span class='ocrx_word' id='word_1_241' title='bbox 581 3285 648 3356; x_wconf 89' lang='lat'><strong>133,</strong></span> <span class='ocrx_word' id='word_1_242' title='bbox 674 3289 708 3340; x_wconf 84' lang='lat' dir='ltr'><strong>nt</strong></span> <span class='ocrx_word' id='word_1_243' title='bbox 732 3283 947 3355; x_wconf 86' lang='lat' dir='ltr'><strong>substituetur,</strong></span> <span class='ocrx_word' id='word_1_244' title='bbox 972 3303 1025 3342; x_wconf 89' lang='lat' dir='ltr'><strong>neo</strong></span> <span class='ocrx_word' id='word_1_245' title='bbox 1045 3301 1147 3341; x_wconf 87' lang='lat' dir='ltr'><strong>sensus</strong></span> <span class='ocrx_word' id='word_1_246' title='bbox 1164 3301 1220 3340; x_wconf 88' lang='lat' dir='ltr'><strong>nec</strong></span> 
     </span>
     <span class='ocr_line' id='line_1_28' title="bbox 88 3382 1216 3464; baseline -0.004 -17"><span class='ocrx_word' id='word_1_247' title='bbox 88 3388 208 3447; x_wconf 88' lang='lat' dir='ltr'><strong>numeri</strong></span> <span class='ocrx_word' id='word_1_248' title='bbox 237 3386 345 3446; x_wconf 87' lang='lat' dir='ltr'><strong>ferunt.</strong></span> <span class='ocrx_word' id='word_1_249' title='bbox 369 3415 411 3425; x_wconf 92' lang='grc'><strong>-</strong></span> <span class='ocrx_word' id='word_1_250' title='bbox 433 3383 514 3460; x_wconf 73' lang='lat' dir='ltr'><strong>susti</strong></span> <span class='ocrx_word' id='word_1_251' title='bbox 528 3382 663 3461; x_wconf 71' lang='lat' dir='ltr'><strong>nectite,</strong></span> <span class='ocrx_word' id='word_1_252' title='bbox 699 3386 734 3444; x_wconf 87' lang='lat' dir='ltr'><strong>of.</strong></span> <span class='ocrx_word' id='word_1_253' title='bbox 761 3392 865 3462; x_wconf 84' lang='lat' dir='ltr'><strong>„pecte</strong></span> <span class='ocrx_word' id='word_1_254' title='bbox 887 3384 1013 3464; x_wconf 79' lang='lat' dir='ltr'><strong>pugnis“</strong></span> <span class='ocrx_word' id='word_1_255' title='bbox 1039 3385 1119 3444; x_wconf 89' lang='lat' dir='ltr'><strong>Men.</strong></span> <span class='ocrx_word' id='word_1_256' title='bbox 1146 3385 1216 3443; x_wconf 87' lang='grc'><strong>998.</strong></span> 
     </span>
     <span class='ocr_line' id='line_1_29' title="bbox 88 3487 1216 3566; baseline -0.005 -16"><span class='ocrx_word' id='word_1_257' title='bbox 88 3492 185 3550; x_wconf 90' lang='lat' dir='ltr'><strong>Poen.</strong></span> <span class='ocrx_word' id='word_1_258' title='bbox 201 3493 270 3550; x_wconf 89' lang='grc'><strong>355.</strong></span> <span class='ocrx_word' id='word_1_259' title='bbox 305 3489 484 3548; x_wconf 84' lang='lat' dir='ltr'><strong>Verberibus</strong></span> <span class='ocrx_word' id='word_1_260' title='bbox 502 3509 533 3548; x_wconf 85' lang='lat' dir='ltr'><strong>se</strong></span> <span class='ocrx_word' id='word_1_261' title='bbox 552 3489 672 3564; x_wconf 81' lang='lat' dir='ltr'><strong>dignum</strong></span> <span class='ocrx_word' id='word_1_262' title='bbox 694 3489 775 3561; x_wconf 86' lang='lat' dir='ltr'><strong>dicit,</strong></span> <span class='ocrx_word' id='word_1_263' title='bbox 800 3489 856 3546; x_wconf 89' lang='lat' dir='ltr'><strong>nisi</strong></span> <span class='ocrx_word' id='word_1_264' title='bbox 876 3509 951 3566; x_wconf 90' lang='lat' dir='ltr'><strong>opus</strong></span> <span class='ocrx_word' id='word_1_265' title='bbox 970 3487 1026 3546; x_wconf 92' lang='lat' dir='ltr'><strong>sibi</strong></span> <span class='ocrx_word' id='word_1_266' title='bbox 1045 3489 1216 3565; x_wconf 89' lang='lat' dir='ltr'><strong>impositum</strong></span> 
     </span>
     <span class='ocr_line' id='line_1_30' title="bbox 87 3587 1220 3672; baseline -0.004 -21"><span class='ocrx_word' id='word_1_267' title='bbox 87 3593 187 3672; x_wconf 89' lang='lat' dir='ltr'><strong>probe</strong></span> <span class='ocrx_word' id='word_1_268' title='bbox 210 3598 397 3669; x_wconf 84' lang='lat' dir='ltr'><strong>exsequetur.</strong></span> <span class='ocrx_word' id='word_1_269' title='bbox 421 3621 462 3630; x_wconf 93' lang='lat'><em>-</em></span> <span class='ocrx_word' id='word_1_270' title='bbox 493 3594 563 3652; x_wconf 87' lang='lat'>891.</span> <span class='ocrx_word' id='word_1_271' title='bbox 594 3587 767 3666; x_wconf 74' lang='lat' dir='ltr'><strong>dupmabo,</strong></span> <span class='ocrx_word' id='word_1_272' title='bbox 792 3613 809 3648; x_wconf 79' lang='lat' dir='ltr'><strong>s</strong></span> <span class='ocrx_word' id='word_1_273' title='bbox 832 3591 973 3668; x_wconf 82' lang='lat' dir='ltr'><strong>dapibus,</strong></span> <span class='ocrx_word' id='word_1_274' title='bbox 999 3590 1220 3648; x_wconf 78' lang='lat' dir='ltr'><strong>Plautios-vox</strong></span> 
     </span>
     <span class='ocr_line' id='line_1_31' title="bbox 88 3687 1220 3770; baseline -0.003 -17"><span class='ocrx_word' id='word_1_275' title='bbox 88 3697 148 3754; x_wconf 89' lang='lat' dir='ltr'><strong>hoo</strong></span> <span class='ocrx_word' id='word_1_276' title='bbox 171 3713 231 3753; x_wconf 87' lang='lat' dir='ltr'><strong>uno</strong></span> <span class='ocrx_word' id='word_1_277' title='bbox 253 3695 318 3753; x_wconf 87' lang='lat' dir='ltr'><strong>loco</strong></span> <span class='ocrx_word' id='word_1_278' title='bbox 341 3695 425 3752; x_wconf 82' lang='lat' dir='ltr'><strong>lecte.</strong></span> <span class='ocrx_word' id='word_1_279' title='bbox 448 3723 491 3733; x_wconf 91' lang='lat'><em>-</em></span> <span class='ocrx_word' id='word_1_280' title='bbox 520 3695 591 3752; x_wconf 83' lang='lat'>892.</span> <span class='ocrx_word' id='word_1_281' title='bbox 621 3687 771 3770; x_wconf 76' lang='lat' dir='ltr'><strong>Sponden</strong></span> <span class='ocrx_word' id='word_1_282' title='bbox 793 3699 864 3753; x_wconf 86' lang='lat' dir='ltr'><strong>cett.</strong></span> <span class='ocrx_word' id='word_1_283' title='bbox 889 3693 974 3752; x_wconf 91' lang='lat' dir='ltr'><strong>codd.</strong></span> <span class='ocrx_word' id='word_1_284' title='bbox 1001 3721 1039 3732; x_wconf 92' lang='grc'>-</span> <span class='ocrx_word' id='word_1_285' title='bbox 1070 3694 1140 3751; x_wconf 88' lang='grc'><strong>893.</strong></span> <span class='ocrx_word' id='word_1_286' title='bbox 1170 3707 1220 3750; x_wconf 84' lang='lat' dir='ltr'><strong>re-</strong></span> 
     </span>
     <span class='ocr_line' id='line_1_32' title="bbox 89 3793 1219 3874; baseline -0.006 -17"><span class='ocrx_word' id='word_1_287' title='bbox 89 3793 233 3874; x_wconf 77' lang='lat' dir='ltr'><strong>spondeo</strong></span> <span class='ocrx_word' id='word_1_288' title='bbox 255 3797 367 3855; x_wconf 90' lang='lat' dir='ltr'><strong>dicitur</strong></span> <span class='ocrx_word' id='word_1_289' title='bbox 394 3803 428 3854; x_wconf 86' lang='lat' dir='ltr'><strong>ut</strong></span> <span class='ocrx_word' id='word_1_290' title='bbox 455 3799 627 3874; x_wconf 83' lang='lat' dir='ltr'><strong>rest-ipulor.</strong></span> <span class='ocrx_word' id='word_1_291' title='bbox 678 3795 783 3855; x_wconf 78' lang='lat' dir='ltr'><strong>Placet</strong></span> <span class='ocrx_word' id='word_1_292' title='bbox 810 3797 867 3854; x_wconf 89' lang='lat' dir='ltr'><strong>sibi</strong></span> <span class='ocrx_word' id='word_1_293' title='bbox 892 3796 1015 3854; x_wconf 75' lang='lat' dir='ltr'><strong>Plautus</strong></span> <span class='ocrx_word' id='word_1_294' title='bbox 1039 3797 1068 3852; x_wconf 90' lang='lat' dir='ltr'><strong>in</strong></span> <span class='ocrx_word' id='word_1_295' title='bbox 1092 3794 1219 3870; x_wconf 84' lang='lat' dir='ltr'><strong>stipula-</strong></span> 
     </span>
     <span class='ocr_line' id='line_1_33' title="bbox 89 3897 1221 3976; baseline -0.004 -17"><span class='ocrx_word' id='word_1_296' title='bbox 89 3899 184 3959; x_wconf 83' lang='lat' dir='ltr'><strong>tionis</strong></span> <span class='ocrx_word' id='word_1_297' title='bbox 207 3900 254 3958; x_wconf 84' lang='lat' dir='ltr'><strong>vel</strong></span> <span class='ocrx_word' id='word_1_298' title='bbox 277 3901 447 3976; x_wconf 86' lang='lat' dir='ltr'><strong>sponsionis</strong></span> <span class='ocrx_word' id='word_1_299' title='bbox 476 3899 617 3972; x_wconf 79' lang='lat' dir='ltr'><strong>formula,</strong></span> <span class='ocrx_word' id='word_1_300' title='bbox 645 3919 672 3958; x_wconf 85' lang='lat' dir='ltr'><strong>v.</strong></span> <span class='ocrx_word' id='word_1_301' title='bbox 697 3899 734 3957; x_wconf 84' lang='lat' dir='ltr'><strong>ed</strong></span> <span class='ocrx_word' id='word_1_302' title='bbox 757 3899 825 3958; x_wconf 87' lang='lat' dir='ltr'><strong>Aul.</strong></span> <span class='ocrx_word' id='word_1_303' title='bbox 850 3902 921 3959; x_wconf 90' lang='lat'>248.</span> <span class='ocrx_word' id='word_1_304' title='bbox 951 3929 993 3940; x_wconf 83' lang='lat'>-</span> <span class='ocrx_word' id='word_1_305' title='bbox 1024 3897 1095 3956; x_wconf 88' lang='lat'>894.</span> <span class='ocrx_word' id='word_1_306' title='bbox 1126 3897 1221 3970; x_wconf 78' lang='lat' dir='ltr'><strong>potes</strong></span> 
     </span>
     <span class='ocr_line' id='line_1_34' title="bbox 91 4000 663 4079; baseline 0 -19"><span class='ocrx_word' id='word_1_307' title='bbox 91 4001 189 4074; x_wconf 72' lang='lat' dir='ltr'><strong>codd,</strong></span> <span class='ocrx_word' id='word_1_308' title='bbox 213 4001 262 4060; x_wconf 89' lang='lat' dir='ltr'><strong>Br.</strong></span> <span class='ocrx_word' id='word_1_309' title='bbox 289 4000 437 4079; x_wconf 84' lang='lat' dir='ltr'><strong>„potest“,</strong></span> <span class='ocrx_word' id='word_1_310' title='bbox 462 4005 511 4060; x_wconf 90' lang='lat' dir='ltr'><strong>vix</strong></span> <span class='ocrx_word' id='word_1_311' title='bbox 534 4021 663 4060; x_wconf 86' lang='lat' dir='ltr'><strong>necesse.</strong></span> 
     </span>
    </p>

    <p class='ocr_par' dir='ltr' id='par_1_5' title="bbox 91 4087 1221 4490">
     <span class='ocr_line' id='line_1_35' title="bbox 182 4087 1221 4181; baseline -0.001 -18"><span class='ocrx_word' id='word_1_312' title='bbox 182 4089 252 4164; x_wconf 88' lang='grc'><strong>895.</strong></span> <span class='ocrx_word' id='word_1_313' title='bbox 275 4105 309 4162; x_wconf 92' lang='lat' dir='ltr'><strong>In</strong></span> <span class='ocrx_word' id='word_1_314' title='bbox 333 4104 419 4163; x_wconf 88' lang='lat' dir='ltr'><strong>codd.</strong></span> <span class='ocrx_word' id='word_1_315' title='bbox 443 4106 526 4180; x_wconf 82' lang='lat' dir='ltr'><strong>quasi</strong></span> <span class='ocrx_word' id='word_1_316' title='bbox 551 4124 636 4163; x_wconf 70' lang='lat' dir='ltr'><strong>nove</strong></span> <span class='ocrx_word' id='word_1_317' title='bbox 659 4123 751 4162; x_wconf 79' lang='lat' dir='ltr'><strong>scenae</strong></span> <span class='ocrx_word' id='word_1_318' title='bbox 774 4105 880 4163; x_wconf 85' lang='lat' dir='ltr'><strong>titulus</strong></span> <span class='ocrx_word' id='word_1_319' title='bbox 897 4104 1111 4181; x_wconf 76' lang='lat' dir='ltr'><strong>prescribitur.</strong></span> <span class='ocrx_word' id='word_1_320' title='bbox 1134 4087 1221 4162; x_wconf 65' lang='grc'><strong>’11110</strong></span> 
     </span>
     <span class='ocr_line' id='line_1_36' title="bbox 92 4199 1220 4281; baseline -0.004 -14"><span class='ocrx_word' id='word_1_321' title='bbox 92 4203 166 4268; x_wconf 77' lang='lat' dir='ltr'><strong>hisso</strong></span> <span class='ocrx_word' id='word_1_322' title='bbox 188 4203 279 4281; x_wconf 80' lang='lat' dir='ltr'><strong>obiit,</strong></span> <span class='ocrx_word' id='word_1_323' title='bbox 309 4209 344 4265; x_wconf 84' lang='lat' dir='ltr'><strong>cf.</strong></span> <span class='ocrx_word' id='word_1_324' title='bbox 369 4206 469 4265; x_wconf 80' lang='lat' dir='ltr'><strong>Auiul.</strong></span> <span class='ocrx_word' id='word_1_325' title='bbox 495 4207 566 4266; x_wconf 74' lang='lat'>257.</span> <span class='ocrx_word' id='word_1_326' title='bbox 598 4236 638 4246; x_wconf 90' lang='lat'><em>-</em></span> <span class='ocrx_word' id='word_1_327' title='bbox 671 4208 740 4265; x_wconf 81' lang='grc'><strong>896.</strong></span> <span class='ocrx_word' id='word_1_328' title='bbox 772 4203 874 4279; x_wconf 82' lang='lat' dir='ltr'><strong>collos,</strong></span> <span class='ocrx_word' id='word_1_329' title='bbox 897 4227 925 4265; x_wconf 87' lang='lat' dir='ltr'><strong>v.</strong></span> <span class='ocrx_word' id='word_1_330' title='bbox 951 4209 1021 4266; x_wconf 81' lang='lat'>356.</span> <span class='ocrx_word' id='word_1_331' title='bbox 1063 4199 1220 4281; x_wconf 75' lang='lat' dir='ltr'><strong>teporibus</strong></span> 
     </span>
     <span class='ocr_line' id='line_1_37' title="bbox 92 4309 1219 4386; baseline -0.003 -17"><span class='ocrx_word' id='word_1_332' title='bbox 92 4309 258 4382; x_wconf 87' lang='lat' dir='ltr'><strong>Turnebus,</strong></span> <span class='ocrx_word' id='word_1_333' title='bbox 282 4309 342 4368; x_wconf 82' lang='lat' dir='ltr'><strong>vid.</strong></span> <span class='ocrx_word' id='word_1_334' title='bbox 356 4310 392 4367; x_wconf 86' lang='lat' dir='ltr'><strong>sd</strong></span> <span class='ocrx_word' id='word_1_335' title='bbox 412 4311 484 4368; x_wconf 87' lang='grc'><strong>910.</strong></span> <span class='ocrx_word' id='word_1_336' title='bbox 502 4339 543 4348; x_wconf 92' lang='grc'>-</span> <span class='ocrx_word' id='word_1_337' title='bbox 568 4309 628 4367; x_wconf 81' lang='grc'><strong>897</strong></span> <span class='ocrx_word' id='word_1_338' title='bbox 652 4329 716 4386; x_wconf 88' lang='lat' dir='ltr'><strong>sqq.</strong></span> <span class='ocrx_word' id='word_1_339' title='bbox 740 4309 895 4368; x_wconf 81' lang='lat' dir='ltr'><strong>Porssitns</strong></span> <span class='ocrx_word' id='word_1_340' title='bbox 917 4312 947 4367; x_wconf 91' lang='lat' dir='ltr'><strong>in</strong></span> <span class='ocrx_word' id='word_1_341' title='bbox 970 4311 1103 4386; x_wconf 90' lang='lat' dir='ltr'><strong>pernicie</strong></span> <span class='ocrx_word' id='word_1_342' title='bbox 1125 4327 1219 4386; x_wconf 89' lang='lat' dir='ltr'><strong>penus</strong></span> 
     </span>
     <span class='ocr_line' id='line_1_38' title="bbox 91 4407 1221 4490; baseline -0.002 -20"><span class='ocrx_word' id='word_1_343' title='bbox 91 4412 150 4471; x_wconf 89' lang='lat' dir='ltr'><strong>sibi</strong></span> <span class='ocrx_word' id='word_1_344' title='bbox 186 4413 310 4490; x_wconf 77' lang='lat' dir='ltr'><strong>placens</strong></span> <span class='ocrx_word' id='word_1_345' title='bbox 344 4411 593 4470; x_wconf 81' lang='lat' dir='ltr'><strong>alliterstionibus</strong></span> <span class='ocrx_word' id='word_1_346' title='bbox 628 4412 765 4471; x_wconf 82' lang='lat' dir='ltr'><strong>exsultet.</strong></span> <span class='ocrx_word' id='word_1_347' title='bbox 822 4412 928 4487; x_wconf 87' lang='lat' dir='ltr'><strong>Itaque</strong></span> <span class='ocrx_word' id='word_1_348' title='bbox 960 4407 1099 4469; x_wconf 75' lang='lat' dir='ltr'><strong>suminis</strong></span> <span class='ocrx_word' id='word_1_349' title='bbox 1133 4430 1221 4468; x_wconf 78' lang='lat' dir='ltr'><strong>ceusu</strong></span> 
     </span>
    </p>

    <p class='ocr_par' dir='ltr' id='par_1_6' title="bbox 965 4522 1014 4576">
     <span class='ocr_line' id='line_1_39' title="bbox 965 4522 1014 4576; baseline 0.041 -2"><span class='ocrx_word' id='word_1_350' title='bbox 965 4522 1014 4576; x_wconf 82' lang='grc'><strong>88*</strong></span> 
     </span>
    </p>
   </div>
   <div class='ocr_carea' id='block_1_5' title="bbox 0 0 1486 5010">
    <p class='ocr_par' dir='ltr' id='par_1_7' title="bbox 0 0 1486 5010">
     <span class='ocr_line' id='line_1_40' title="bbox 0 0 1486 5010; baseline 0 0"><span class='ocrx_word' id='word_1_351' title='bbox 0 0 1486 5010; x_wconf 95' lang='lat' dir='ltr'><strong> </strong></span> 
     </span>
    </p>
   </div>
  </div>
 </body>
</html>
