2932 5010
148 436 151 444 ’
251 455 313 516 374
438 404 442 415 Ι
734 451 894 506 Bacchides.

248 651 362 722 transp.
389 639 517 720 ,uiginti
540 641 654 704 annis“.
674 676 716 686 -
734 648 761 705 6.
786 645 894 705 Hiatus
917 644 1031 704 vitandi
1054 665 1142 704 causa
1158 645 1246 704 Both.
1258 645 1364 704 Ritsch.

253 745 399 820 „antidit“
425 747 623 824 scripserunt3
657 753 720 806 tum
742 749 820 806 Keil.
843 757 912 807 ante
934 748 963 806 h.
987 768 1013 806 v.
1041 746 1136 820 „iam“
1162 748 1304 821 addebat,
1332 747 1363 807 R

249 857 379 926 transp:
410 849 543 924 „Ulixem
564 851 657 910 multo
676 847 877 924 adulescane“,
897 850 1051 909 Bircheler.
1070 853 1102 909 in
1113 851 1191 910 Mus.
1204 850 1363 920 Rheaxv,

249 954 310 1012 439
337 949 510 1026 „Ulixeum“
543 955 676 1030 scripsit,
710 954 790 1030 quod
818 955 920 1032 potius
948 954 1148 1030 probaverim.
1171 983 1215 993 -
1238 956 1265 1012 7.
1298 953 1363 1012 Post

253 1052 313 1132 Qui
338 1056 456 1127 hiatur,
492 1054 528 1112 cf.
558 1055 693 1132 Prolegg.
723 1077 752 1136 p.
778 1059 855 1130 2203
900 1056 1012 1114 Ritsch.
1046 1053 1131 1130 „hic“
1164 1055 1299 1114 addebat.
1327 1086 1366 1094 -

252 1152 368 1232 ,Ilico“
399 1159 441 1215 ait
463 1156 577 1216 Nonius
604 1177 633 1234 p.
659 1161 718 1218 325
752 1161 800 1231 ,in
828 1178 862 1216 eo
892 1159 967 1217 loco.
1012 1157 1131 1217 Navius
1160 1158 1231 1218 belli
1254 1159 1365 1216 Poenici

248 1259 301 1319 lib.
315 1259 369 1317 VI:
398 1261 572 1336 „septimum
597 1260 741 1318 decimum
764 1281 873 1326 annum
895 1261 964 1320 ilico
984 1257 1119 1322 sedent“.
1153 1260 1261 1320 Accius
1278 1259 1365 1336 Eury-

249 1381 331 1420 sace:
359 1361 459 1434 ,Ilico,
484 1365 614 1440 inquam.
649 1363 774 1424 Habitat
791 1359 967 1441 quisquam“
993 1361 1049 1437 (sic
1067 1358 1269 1440 scribendum)
1289 1383 1364 1439 ,pro-

249 1461 358 1542 pius?“
407 1465 531 1524 Hemina
553 1466 631 1525 Hist.
654 1466 706 1526 lib.
735 1466 763 1524 I:
801 1473 850 1540 „et
876 1473 941 1525 tum
970 1487 1029 1544 quo
1058 1469 1153 1540 irent,
1188 1467 1368 1538 nesciebant,

249 1568 319 1627 ilico
350 1565 551 1626 manser-unm.
607 1569 679 1642 „His
701 1569 914 1645 persuadetur,
949 1569 1019 1628 ilico
1047 1567 1234 1628 manerent“.
1283 1569 1365 1641 ,Pars

249 1671 319 1730 ilico
341 1669 472 1730 manst“.
518 1671 652 1730 Caecilius
675 1671 942 1731 Nothonicaeione:
970 1672 1108 1744 „Manete
1130 1669 1254 1730 ilico““.

336 1777 450 1834 8—10.
485 1773 607 1832 Bacchis
636 1775 751 1850 pergit:
789 1775 853 1847 „Tu
882 1795 953 1832 vero
982 1777 1005 1832 si
1035 1775 1255 1834 adulescentem
1285 1775 1364 1831 istum

249 1877 407 1936 conciliare
437 1877 509 1936 mihi
536 1877 595 1948 vis,
625 1877 769 1935 mercedis
791 1877 906 1953 aliquid
928 1898 946 1935 a
967 1898 1013 1935 me
1036 1878 1176 1953 accipiee;
1210 1876 1266 1935 hoc
1294 1879 1362 1936 euim
1436 1957 1437 1960 Ἰ

251 1982 333 2038 aetati
361 1985 419 2037 luae
448 1977 603 2037 debetur“.
648 1979 682 2036 In
711 1982 808 2056 primo
836 1999 923 2038 versu
951 1977 1054 2058 facere
1075 1999 1129 2056 pro
1153 1977 1237 2057 forle
1258 1980 1362 2055 scripsi,
1436 1961 1437 1972 ἵ

249 2082 285 2141 cf.
299 2081 387 2160 Epid.
403 2083 473 2142 573.
507 2081 598 2140 Mero.
618 2081 689 2140 404.
730 2081 808 2153 Quos
827 2083 908 2141 locos
925 2101 1017 2158 quum
1033 2083 1096 2159 ipse
1119 2082 1223 2140 landet
1239 2080 1364 2141 Ritsche·

249 2187 322 2258 line,
345 2191 446 2244 tamen
467 2185 495 2244 h.
520 2185 539 2242 l.
563 2185 739 2243 lenocinium
762 2185 851 2260 longe
874 2185 957 2243 alind
978 2183 1144 2260 significare
1167 2190 1285 2256 censet,
1311 2188 1364 2240 stu·

249 2307 335 2363 prum
359 2288 484 2360 scilicet,
514 2287 545 2345 id
573 2286 652 2364 qnod
674 2285 741 2344 fleri
762 2306 822 2346 non
843 2293 951 2365 potest.
997 2287 1108 2346 Verum
1130 2287 1201 2346 indo
1223 2286 1364 2363 profectus

250 2409 341 2465 quum
364 2390 419 2448 sibi
442 2393 638 2466 persuasisset
660 2389 785 2448 militem
807 2389 870 2449 haec
888 2391 979 2460 rerba
997 2389 1167 2448 concubina
1185 2409 1247 2447 suae
1266 2388 1363 2458 dicere,

248 2494 399 2566 proximos
417 2512 521 2550 versus
539 2494 581 2550 sic
598 2491 733 2550 refinxit:
762 2492 889 2564 ,Uideas
906 2491 1050 2550 mercedis
1067 2493 1140 2568 quid
1156 2492 1245 2550 tibist
1255 2497 1362 2569 pactum

250 2594 325 2652 dari.
360 2594 404 2651 Ne
426 2597 503 2652 istac
525 2614 571 2652 me
595 2601 694 2652 aetate
713 2601 860 2653 sectarere
878 2591 1015 2670 gratiis“.
1034 2625 1077 2636 —-
1094 2596 1219 2667 sectere,
1245 2595 1280 2654 cf.
1292 2593 1362 2652 Pers.

254 2697 327 2755 173:
357 2703 406 2768 „te
429 2699 488 2754 iam
511 2701 610 2756 sector
632 2699 768 2774 quintum
792 2697 870 2756 hunc
893 2693 1033 2756 annum“.

337 2799 383 2856 ll.
408 2797 524 2857 Demea
547 2799 609 2858 haec
631 2799 723 2858 verba
745 2821 808 2858 ease
831 2803 967 2878 suspicor
990 2799 1130 2858 Bacchidi
1153 2800 1361 2878 respondentis,

249 2921 313 2962 eam
336 2921 390 2960 suo
412 2901 523 2960 auxilio
546 2923 605 2961 uon
629 2921 730 2977 egere,
754 2905 848 2981 ipsam
871 2904 963 2962 cuivis
986 2902 1098 2960 homini
1121 2921 1172 2960 cor
1194 2923 1232 2961 ex
1254 2908 1363 2980 pectore

248 3004 354 3066 elicere
385 3023 481 3081 posse.
538 3004 592 3064 His
621 3005 709 3064 dictis
739 3005 845 3064 abiisse
873 3005 1003 3064 videtur.
1061 3001 1264 3079 „Excludere“
1294 3001 1362 3080 apud

248 3107 375 3166 Nonium
399 3109 449 3166 vix
472 3127 574 3166 verum
598 3114 659 3178 est3
683 3107 1034 3180 Ritsch.nus.Rh.1V,
1058 3128 1086 3185 p.
1109 3109 1168 3166 577
1197 3102 1359 3180 „excutere‘

249 3210 437 3268 scribendum
466 3218 573 3269 censet.
629 3210 739 3267 Versus
769 3210 849 3286 apud
878 3210 1007 3272 Nonium
1036 3211 1171 3268 senarius
1199 3215 1261 3282 est,
1293 3205 1363 3284 apud

248 3311 384 3372 Servium
419 3315 567 3372 senarium
601 3312 726 3371 excedit.
783 3313 895 3370 Ritsch.
926 3319 1055 3390 utroque
1085 3314 1244 3372 coniuncto
1278 3315 1362 3386 septe

248 3417 364 3474 narium
387 3415 569 3474 trochaicum
592 3415 704 3474 effecit:
749 3415 841 3489 ,Nam
865 3425 899 3473 tu
923 3415 1051 3492 quidem,
1076 3415 1181 3487 credo,
1217 3420 1362 3472 excantare

250 3518 344 3576 cuiuis
363 3518 450 3576 facile
469 3538 520 3576 cor
538 3515 654 3594 potes“.
688 3517 759 3576 Haeo
777 3529 876 3576 autern
894 3519 933 3576 ad
952 3538 1016 3576 eam
1039 3538 1165 3590 scenam,
1190 3537 1256 3594 qua
1278 3518 1363 3593 prima

249 3625 367 3682 servata
395 3628 454 3692 est,
489 3621 596 3694 refert,
631 3621 865 3698 Bacchidemqne
895 3620 1024 3680 Samiam
1053 3623 1148 3679 sorori
1183 3639 1243 3679 snae
1276 3619 1362 3677 dicere

249 3728 352 3800 putnt3
375 3741 471 3799 neque
494 3741 549 3798 ego
572 3744 632 3782 non
654 3723 833 3796 accederem,
857 3725 883 3782 si
903 3743 1008 3780 versus
1030 3726 1073 3780 ita
1095 3723 1227 3781 traditus
1249 3729 1330 3780 esset.

337 3827 385 3884 12.
409 3825 587 3884 Octonarius
605 3826 773 3886 trochaicus
796 3827 833 3886 ad
857 3827 1048 3905 soliloquium
1070 3826 1194 3904 aliquod
1210 3826 1361 3902 pertinens

249 3927 281 3988 Si
314 3931 392 3986 servi
427 3928 552 3986 alicuius
584 3931 615 3988 in
648 3929 694 3987 his
728 3931 823 3988 scenis
857 3935 958 4006 partes
987 3935 1101 4002 essent,
1137 3931 1166 3987 ei
1194 3929 1360 3994 tribuerem

157 4077 158 4082 .
249 4031 493 4108 quodquoniam
516 4051 600 4090 secus
623 4031 758 4104 videtur,
793 4033 950 4092 Pistocleri
973 4053 1037 4092 esse
1061 4033 1193 4092 arbitror
1216 4051 1311 4092 secum
1330 4026 1359 4084 de

248 4152 338 4209 opere
375 4134 431 4192 sibi
465 4136 608 4211 imposito
641 4135 801 4210 loquentis.
859 4135 950 4194 (laute
985 4136 1098 4194 scilicet
1131 4133 1277 4211 agendum
1307 4149 1360 4188 esse

249 4255 303 4294 nec
336 4238 429 4296 cuivis
458 4237 543 4295 facile
577 4236 773 4310 credendum3
813 4237 1001 4297 adiutoribus
1036 4257 1111 4314 opus
1141 4258 1221 4310 esse,
1256 4235 1304 4296 sed
1329 4235 1359 4291 iis

250 4338 321 4396 solis
343 4339 431 4397 fidem
459 4340 563 4399 haberi
592 4359 693 4416 posse,
718 4357 792 4412 quos
814 4341 869 4398 hoc
899 4341 1042 4400 describit
1069 4343 1233 4400 octonario.
1288 4334 1360 4410 Quod
