2956 5010
256 492 317 552 518
752 487 878 558 Captini.

253 687 404 758 potestate
434 684 583 759 conspicio
611 680 749 756 nostra“;
780 683 830 742 Br.
857 680 988 756 „istunc“
1022 703 1077 760 pro
1105 681 1237 758 „hanc“;
1259 686 1374 764 Stnlng-
1474 731 1475 736 κ

254 804 333 844 mum
356 787 432 842 enirn
461 786 590 860 intelligi
616 792 752 863 apparet.
797 787 858 846 Nec
881 793 981 846 nmen
1003 785 1071 844 ideo
1101 786 1160 846 elio
1190 788 1238 848 hic
1265 809 1375 867 prono-

254 891 332 946 mine
355 907 431 964 opus
454 889 519 959 erit,
551 888 610 948 alio
632 890 663 946 in
685 893 820 964 proximo
851 909 952 962 versu,
981 890 1033 950 nbi
1056 890 1241 950 Philocrates
1261 893 1376 966 signifi·
1474 939 1475 952 ,

254 998 347 1064 catur,
371 990 431 1050 vid.
452 989 489 1049 ad
506 991 574 1050 Aul.
589 991 658 1051 648.
694 991 766 1050 Fuit
788 1011 877 1068 quum
894 997 1031 1068 putarem
1051 1012 1156 1070 parum
1176 999 1242 1069 apte
1259 993 1378 1071 Stalag·

252 1113 333 1152 mum
351 1095 381 1151 in
404 1093 459 1152 hac
481 1095 642 1169 gratiarnm
666 1096 781 1152 actione
805 1097 1043 1167 commemorari,
1067 1095 1233 1172 malumque
1256 1116 1377 1156 versum

253 1197 419 1255 tollendum
442 1215 605 1268 censerem,
638 1196 691 1254 sed
714 1215 827 1254 errasse
850 1217 897 1254 me
920 1197 1007 1256 credo
1030 1217 1084 1256 nec
1107 1217 1196 1256 uncos
1220 1202 1378 1275 appositos

254 1300 370 1358 vellem.
395 1327 436 1336 -
460 1299 530 1356 922.
554 1292 648 1358 huius
670 1299 756 1358 Both.
781 1320 835 1358 em.

341 1402 488 1460 923-24
510 1402 664 1460 octonarii
692 1401 835 1460 trochaici
864 1401 902 1460 ad
930 1405 1115 1479 septenarios
1143 1399 1304 1462 transitum
1335 1407 1379 1462 fa-

255 1506 381 1577 cientes,
412 1521 592 1580 quemquam
614 1503 750 1577 Miller,
784 1503 907 1563 Prosod.
937 1524 966 1580 p.
990 1504 1061 1578 410,
1092 1508 1286 1582 anapaesticus
1313 1527 1379 1564 esse

254 1608 383 1684 putavit.
445 1599 501 1664 hoc
534 1605 643 1664 delevit
672 1605 871 1679 Camerarius,
906 1606 1031 1666 fortasse
1065 1627 1102 1666 ex
1135 1609 1221 1668 initio
1255 1629 1283 1668 r.
1315 1613 1378 1670 925

256 1715 355 1769 ortum
378 1715 433 1768 est.
453 1737 495 1746 -
515 1711 573 1766 925
592 1727 657 1785 sqq.
681 1710 852 1785 septenarii.
892 1703 962 1768 Hoc
984 1723 1123 1786 apameae,
1147 1710 1184 1769 de
1207 1711 1378 1772 Philocrate

254 1819 287 1871 et
303 1811 442 1890 Tyndaro
464 1810 672 1884 restituendis3
696 1811 732 1870 cf.
758 1812 828 1870 962.
857 1840 900 1850 -
922 1812 1105 1872 Philocrates
1122 1813 1285 1888 Hegionem
1304 1815 1379 1872 allo·

169 1947 178 1962 »
254 1919 367 1994 quitur.
414 1915 512 1974 tecum
538 1909 664 1976 seruasti
690 1909 785 1989 fidem
813 1933 868 1990 pro
894 1911 986 1985 „tibi“
1016 1915 1126 1990 legitur
1148 1918 1235 1974 etiam
1258 1916 1375 1977 Curcul.

259 2021 327 2078 138.
361 2016 454 2076 Mero.
469 2017 538 2088 522,
563 2017 597 2076 cf.
625 2037 728 2088 „orare
752 2035 816 2075 cum
839 2015 958 2093 aliquo“
985 2017 1066 2076 dein.
1081 2021 1151 2092 655,
1178 2021 1376 2091 „mentionem

254 2123 352 2180 facere
381 2140 447 2180 cum
476 2115 594 2196 aliquo“
621 2119 720 2178 Aulul.
746 2120 815 2180 677.
848 2149 889 2158 --
924 2121 993 2181 928.
1028 2123 1106 2180 Ante
1134 2115 1235 2180 Immo
1261 2122 1375 2194 hiatus,

256 2223 374 2283 Miiller.
398 2222 543 2282 excidisse
571 2227 623 2280 aut
654 2218 723 2294 „tu“
755 2227 805 2280 aut
836 2219 950 2294 „nnnc“
982 2223 1116 2300 putabat,
1151 2223 1199 2282 Br.
1223 2225 1372 2283 licentius:

260 2328 386 2400 „lmmo,
410 2327 451 2382 mi
471 2331 575 2402 pater,
599 2325 640 2383 Et
662 2329 696 2382 tu
718 2327 831 2402 poteris
853 2331 883 2384 et
906 2345 959 2401 ego
983 2321 1119 2401 poterc“.
1144 2355 1187 2366 -
1209 2329 1279 2386 930.
1303 2321 1374 2384 berse

255 2426 386 2489 merenti
407 2428 525 2502 nostra,
549 2431 576 2486 ei
600 2431 651 2504 qui
674 2427 710 2486 de
733 2428 818 2486 nobie
842 2427 1061 2486 benemeritus
1084 2435 1137 2486 set.
1189 2428 1239 2486 Br.
1262 2429 1373 2488 confert

255 2532 337 2591 Trin.
361 2533 417 2590 46:
446 2533 509 2601 ,tui
532 2527 764 2588 beneuolentis“.
795 2559 836 2568 -
864 2545 1008 2590 manwen
1031 2531 1115 2590 codd.
1141 2533 1252 2590 Activae
1275 2531 1371 2590 forme

253 2634 369 2693 Nonius
393 2653 421 2709 p.
447 2635 507 2690 477
532 2651 568 2688 ex
590 2632 724 2709 Turpilio
748 2633 914 2708 exemplum
939 2633 1038 2704 affert3
1063 2633 1098 2692 cl.
1118 2633 1156 2692 ad
1173 2633 1279 2710 Amph.
1299 2635 1371 2702 8173

254 2737 308 2796 sed
337 2736 391 2794 hoc
422 2740 539 2794 retento
573 2736 740 2812 tautologia
774 2737 959 2813 ineptissima
992 2737 1104 2809 oritur,
1138 2755 1193 2794 nec
1226 2737 1371 2813 proximus

255 2859 358 2898 versus
381 2859 399 2896 a
422 2831 510 2898 Sicut
536 2839 680 2914 incipiens
708 2839 803 2896 simile
834 2839 906 2914 quid
934 2837 1019 2910 dicit,
1054 2839 1108 2898 sed
1140 2857 1261 2916 prorsus
1288 2837 1370 2895 idem.

254 2942 322 3001 Iure
339 2944 433 3017 igitur
444 2939 582 2999 Gertnius
600 2942 725 3018 primam
744 2961 899 3019 personam
917 2941 1090 3018 postulavit,
1114 2946 1166 3000 aut
1189 2935 1368 3013 ,munerem“

254 3053 307 3106 aut
338 3041 524 3118 „munerer“.
558 3073 600 3084 -
635 3044 706 3104 933.
739 3038 939 3120 reliqueram,
974 3063 1001 3102 v.
1033 3043 1071 3102 ad
1099 3042 1208 3120 Amph.
1233 3043 1300 3102 379.
1331 3053 1388 3080 -'

208 3173 209 3176 ¹
255 3151 327 3208 935.
351 3145 379 3206 ei
400 3152 473 3206 antt.
497 3147 563 3204 edd.
588 3145 777 3204 addiderunt.
801 3175 843 3184 -
859 3143 1012 3220 prelium,
1036 3147 1218 3218 mercedem,
1240 3145 1275 3204 cf.
1298 3142 1370 3201 Rud.

256 3253 327 3310 710.
373 3250 454 3309 Trin.
479 3251 550 3308 273.
577 3277 613 3288 -
646 3250 706 3306 936
738 3267 790 3306 suo
814 3249 877 3306 loco
907 3254 976 3308 cett.
1000 3248 1102 3319 codd.,
1138 3252 1168 3306 et
1197 3249 1228 3307 in
1250 3247 1273 3306 B
1294 3265 1397 3306 error*

256 3360 386 3412 notatur.
427 3352 485 3410 Pro
511 3347 602 3428 Quod
624 3349 668 3409 Fl.
685 3349 918 3424 ‚,Quom“;-n0n
941 3369 1029 3427 opus;
1053 3350 1202 3428 significat
1228 3347 1370 3424 „beneficii

255 3461 300 3516 tui
324 3451 441 3514 cauea“.
464 3485 507 3494 -
533 3451 587 3526 „id
616 3451 699 3530 quod
724 3449 870 3528 postulas
898 3474 951 3532 per
980 3456 1199 3532 appositionem
1222 3453 1268 3513 rel
1289 3470 1370 3528 epex-

256 3562 357 3634 egesin
380 3558 529 3635 quandem
553 3559 590 3616 ed
614 3558 769 3633 superiore
790 3565 860 3616 sunt
882 3556 1073 3634 explicanda“
1101 3556 1236 3614 Lindem.
1259 3555 1368 3613 Potine:

260 3663 309 3737 ,id
329 3661 407 3740 quod
425 3661 568 3736 postulae,
592 3681 648 3738 pro
672 3662 769 3736 gratia
792 3661 887 3718 relata
909 3659 965 3716 tibi
987 3657 1125 3718 debitnr“
1148 3659 1196 3717 vel
1216 3659 1369 3732 „referetur

256 3787 292 3826 ea
314 3765 421 3842 gratia,
453 3783 541 3840 quam
564 3761 728 3840 postules“.
781 3763 898 3832 Brixius
926 3761 1077 3820 licentius:
1116 3761 1220 3834 „Quod
1242 3758 1368 3820 hanefe

221 3881 227 3893 '
256 3872 332 3942 cisti,
357 3867 505 3926 reseretur
531 3868 642 3943 gratia:
667 3871 697 3925 et
721 3866 802 3943 quod
825 3865 960 3943 postulas
976 3863 1016 3922 Et
1034 3864 1059 3922 si
1075 3871 1108 3922 tu
1133 3864 1216 3922 aliud
1239 3862 1308 3940 quid
1327 3879 1368 3918 me

255 3973 364 4046 orabis,
388 3965 595 4047 impetrabis“.
619 3997 661 4008 -··
691 3969 761 4027 937.
789 3964 962 4044 impetrabis
990 3973 1060 4026 cett.
1083 3967 1168 4026 codd.
1193 3973 1225 4025 et
1247 3966 1278 4026 Β.
1301 3983 1368 4022 man.

256 4097 314 4135 sec.
339 4105 380 4114 --
405 4077 476 4132 941.
498 4073 627 4148 propter
649 4086 748 4130 meum
772 4071 870 4146 caput,
895 4073 913 4130 i.
939 4090 964 4130 e.
988 4075 1111 4148 propter
1133 4089 1188 4142 me,
1213 4069 1248 4128 cl.
1272 4065 1366 4126 Pseud.

257 4179 334 4238 728:
374 4179 416 4249 „si
446 4176 566 4253 quidam
595 4175 652 4236 hoc
680 4176 763 4232 uiuet
793 4171 910 4251 capnt“.
940 4175 977 4232 al.
1008 4203 1050 4214 —
1085 4173 1156 4232 942.
1191 4165 1294 4232 libella
1318 4184 1367 4244 pro

257 4283 378 4340 minimo
403 4299 521 4338 nummo
545 4277 776 4358 proverbialiter
799 4276 917 4348 dicitur,
942 4277 978 4334 cf.
1003 4276 1099 4335 Oasin.
1114 4276 1185 4334 293.
1209 4273 1311 4332 Pseud.
1323 4271 1367 4328 98.

260 4385 330 4442 633.
360 4384 448 4442 1144.
484 4381 542 4442 Cic.
567 4380 651 4440 Verr.
675 4378 713 4454 II,
740 4379 786 4450 10,
812 4377 869 4438 26;
902 4379 1028 4455 „Ecquis
1052 4377 1186 4437 Volcatio
1210 4391 1368 4438 ...unam
1474 4367 1475 4410 l
