2956 5010
544 534 575 586 v.
594 536 738 588 oso-scs.
1141 541 1200 601 501

74 731 180 790 Cicero
203 729 412 788 venustissime
442 727 522 788 dicat
551 729 587 786 eb
611 729 784 788 occaecendo
808 729 906 804 fruges
929 725 1042 788 satas“.
1065 761 1107 769 -
1132 731 1202 790 658.

74 831 169 892 Attat
196 832 312 902 Herm,
348 837 382 890 ut
409 831 537 890 delectui
566 851 667 891 versus
695 837 894 902 succurreret,
930 832 966 890 cf.
995 831 1095 890 Aulul.
1126 835 1203 906 7043
1312 891 1314 894 ,

75 937 128 995 alii
159 936 232 1006 alia,
261 939 296 990 ιιι
324 931 419 1010 Gepp.
459 936 518 1006 „At
547 931 643 1006 ecce“,
678 934 797 992 muller.
836 933 930 1005 ,Uids
959 939 994 990 ut
1022 933 1205 994 confidenter

76 1058 183 1096 seruos
206 1033 310 1106 mihi“,
334 1035 384 1093 Br.
411 1036 470 1108 „At
491 1043 525 1095 ut
548 1038 643 1095 scelus
666 1033 880 1108 confidentem,
906 1036 972 1094 coll.
996 1037 1063 1096 Aul.
1090 1041 1138 1097 52.
1161 1067 1204 1079 -

76 1136 171 1212 m‘ihi3
204 1145 328 1213 „contra
352 1136 471 1196 estars“
496 1145 530 1198 ut
553 1139 756 1198 contradicere
785 1158 848 1196 cum
874 1138 975 1198 dativo
998 1140 1128 1198 iunctum
1149 1146 1203 1202 est.

75 1238 316 1303 accusantem
329 1245 375 1298 est
387 1241 494 1298 adstet.
513 1271 555 1281 -
574 1243 645 1300 659.
669 1241 741 1300 Post
759 1256 883 1300 seruom
906 1262 942 1298 ne
966 1241 1064 1300 hiatus
1087 1245 1134 1312 sit,
1159 1243 1204 1302 Fl.

74 1347 127 1404 Br.
157 1329 340 1417 „hominem“
367 1343 434 1402 add.
459 1351 492 1402 ut
514 1343 578 1402 Mil.
605 1346 674 1402 564.
704 1345 741 1402 el.
797 1343 940 1421 Geppert.
966 1344 1107 1403 audacius
1136 1345 1203 1403 sub·

75 1451 178 1508 stituit
200 1465 304 1504 versus
327 1466 362 1504 ex
385 1445 523 1504 Pseudol.
547 1447 608 1506 460
629 1467 672 1523 sq.
727 1445 837 1520 „Decet
859 1447 1056 1517 innocentem,
1081 1450 1132 1524 qui
1156 1450 1203 1520 sit,

75 1559 170 1628 atque
193 1551 346 1607 innoxium
370 1545 491 1605 Seruom
512 1547 673 1625 superbum
693 1568 758 1606 esse
776 1548 856 1624 apud
874 1568 957 1606 erum
974 1548 1204 1624 potissumum“.
1268 1524 1274 1534 .

75 1653 250 1726 Kiessling,
281 1651 390 1709 Annal.
413 1649 516 1727 philol.
540 1650 656 1719 XCVII,
683 1652 757 1724 630,
788 1653 874 1727 quasi
896 1651 965 1708 inde
988 1650 1130 1710 confictos
1152 1653 1206 1711 bos

77 1759 139 1816 duo
162 1775 267 1812 versus
290 1753 430 1811 delendos
453 1755 577 1824 censuit,
601 1773 726 1830 eumque
748 1752 799 1812 Br.
819 1759 937 1811 secutus
962 1761 1023 1825 est,
1047 1754 1118 1811 mibi
1141 1758 1205 1831 qui·

77 1861 146 1918 dem
170 1865 201 1916 et
223 1866 293 1934 apte
316 1857 363 1914 hic
385 1861 457 1934 poni
481 1856 634 1926 videntur,
670 1875 724 1914 nec
751 1854 955 1914 similitudinis
986 1876 1077 1913 eauss
1105 1857 1206 1916 delere

76 1965 167 2034 licet,
202 1982 230 2020 v.
265 1960 301 2018 ad
335 1960 418 2016 Asin.
456 1960 524 2016 185.
559 1987 602 1996 -
636 1959 706 2016 662.
737 1958 810 2016 Post
846 1958 879 2016 tu
912 1957 1025 2031 hiatus,
1062 1960 1098 2018 cf.
1133 1961 1205 2020 443.

76 2066 124 2126 Fl.
157 2063 250 2138 „mihi
277 2059 343 2121 uel“
380 2063 509 2136 scripsit.
571 2055 643 2132 hus,
675 2081 787 2119 manue.
824 2089 862 2100 -
899 2061 970 2121 664.
1005 2057 1088 2136 quod
1114 2057 1150 2120 ιἰι
1179 2063 1208 2121 te

76 2163 149 2248 fuit,
174 2169 193 2226 i.
218 2187 242 2224 e.
267 2169 420 2242 quantum,
450 2165 486 2222 el.
510 2163 546 2220 ed
569 2163 669 2221 Aulul.
694 2164 764 2221 252.
794 2193 835 2201 -
866 2163 936 2222 666.
969 2159 1205 2238 „demanium

76 2273 109 2329 in
135 2268 277 2328 articulos
300 2266 477 2338 dissecuisti,
501 2263 668 2340 ιιιιμὲλισας“
696 2265 809 2324 Bosins.
823 2295 865 2304 —-
886 2267 956 2323 672.
982 2265 1015 2324 ιιι
1038 2266 1105 2324 add.
1130 2272 1205 2327 untt.

78 2372 148 2432 edd.
173 2401 214 2410 -
239 2369 310 2429 674.
335 2365 377 2442 id,
401 2371 421 2428 i.
447 2389 472 2427 e.
495 2369 579 2441 ideo,
605 2369 641 2428 cf.
666 2369 756 2426 Poen.
781 2370 857 2426 773:
893 2368 943 2440 ,id
965 2388 1044 2426 nnnc
1066 2370 1103 2426 iis
1126 2389 1206 2428 cere-

76 2477 166 2534 brum
190 2470 319 2532 uritur“.
354 2472 420 2530 Ter.
439 2472 586 2530 Ad.79l:
613 2471 665 2544 „Id
688 2491 766 2530 nunc
789 2471 898 2528 clamat
919 2467 1062 2529 scilicet“.
1096 2471 1205 2530 Heeut.

77 2581 158 2640 888:
197 2577 330 2648 ,Gnatus
359 2575 439 2652 quod
470 2595 500 2632 se
523 2573 684 2632 adsimulat
705 2574 832 2646 laetum,
866 2573 897 2631 id
926 2573 1009 2632 dicis.
1051 2572 1111 2632 CH.
1140 2569 1206 2633 Id“.

76 2684 114 2741 cf.
129 2681 168 2739 ad
186 2679 294 2754 Amph.
313 2681 383 2738 902.
398 2709 437 2718 --
453 2679 523 2736 676.
540 2673 640 2754 parui
658 2676 806 2748 aestum,
831 2697 870 2734 rc.
890 2696 936 2734 me
958 2678 1065 2752 perire.
1100 2676 1207 2735 Hiatus

75 2783 197 2843 vitandi
221 2779 484 2840 cousaGulislmue
506 2777 651 2857 „paruid“
672 2779 830 2850 scribebat,
856 2779 907 2837 alii
928 2776 994 2852 ,id“
1016 2779 1207 2852 addiderunt,

75 2888 176 2966 Gepp.
204 2887 297 2956 ,istuc
327 2880 443 2962 parni“,
474 2881 586 2942 Bitsch.
611 2882 648 2939 ed
676 2882 766 2940 Most.
796 2885 835 2940 73
866 2879 982 2954 („flocci
1010 2877 1207 2956 existumet“)

80 2991 191 3066 „perui
214 2985 390 3046 existumo“.
436 2986 493 3044 Sed
517 2989 606 3044 etiam
630 2984 709 3060 apud
727 2984 809 3042 Fest.
828 2983 910 3059 Epis.
927 3003 957 3058 p.
979 2983 1037 3041 143
1062 2989 1107 3041 est
1133 2983 1208 3056 „Ro-

77 3099 151 3169 gata
175 3092 267 3148 fuerit
291 3109 392 3162 necne,
416 3088 500 3148 flocci
525 3084 688 3146 aestumo“.
713 3116 750 3127 —
782 3088 861 3144 677.
888 3081 917 3144 ιι
938 3104 994 3162 pro
1020 3083 1101 3158 „ast“
1127 3090 1208 3144 recte

80 3195 254 3255 emendavit
276 3193 356 3250 Brix.
402 3191 447 3263 si,
471 3193 584 3266 inquit,
608 3189 656 3247 hic
679 3189 798 3268 peribo,
821 3209 880 3246 non
902 3187 1059 3260 redeunte,
1083 3191 1118 3244 ut
1139 3206 1208 3265 pro-

77 3301 174 3370 misit,
199 3297 270 3354 hero
294 3315 369 3353 meo.
414 3290 477 3353 Ast
498 3313 558 3352 non
580 3299 643 3350 tam
666 3293 791 3350 sormam
813 3290 904 3348 habet
922 3309 940 3348 s
956 3288 1063 3346 Plauto
1081 3289 1208 3348 alienam

80 3398 124 3478 (v.
150 3401 243 3458 Mero.
269 3399 338 3456 242.
384 3398 465 3456 Trin.
491 3399 540 3456 74.
566 3396 641 3468 245,
671 3395 722 3453 ubi
750 3393 830 3452 inA
859 3397 902 3452 sic
930 3387 1019 3466 legi),
1053 3411 1141 3468 quam
1171 3392 1208 3450 sb

77 3507 171 3564 huius
194 3503 252 3560 loci
276 3503 424 3559 sententia
448 3499 600 3571 abborret3
624 3497 733 3574 duplex
755 3493 786 3554 si
808 3513 878 3553 vero
896 3513 1018 3570 prorsus
1037 3493 1208 3554 Plautinum

79 3613 137 3678 est,
162 3625 191 3662 v.
209 3604 247 3662 ad
266 3604 364 3662 Aulul.
385 3605 455 3661 223.
480 3633 521 3641 -
546 3602 616 3660 679.
641 3595 698 3660 Me
721 3599 788 3658 edd.
812 3598 858 3656 Fl.
884 3627 920 3637 -
948 3599 1018 3657 662.
1038 3599 1208 3672 praeopto-

78 3707 181 3779 uisse,
206 3708 270 3764 sine
294 3707 421 3779 synizesi
444 3703 616 3778 legendnm,
644 3722 738 3780 quere
762 3701 873 3760 Ritsch.
896 3699 980 3759 Neue
1002 3701 1073 3759 Exc.
1097 3720 1126 3778 p.
1151 3703 1208 3760 99:

82 3806 381 3890 „praedoptsuisse“.
426 3806 463 3866 Se
486 3827 569 3864 suum
593 3813 683 3884 caput
705 3808 748 3864 ait
768 3805 900 3883 periculo
922 3803 1048 3862 obiicere
1072 3802 1210 3861 maluisse

79 3934 173 3992 quom
201 3916 237 3970 ut
264 3911 354 3969 herus
382 3912 503 3986 periret.
557 3909 603 3966 Ad
629 3904 770 3984 periculo
794 3921 911 3981 ponere
932 3905 982 3964 Br.
1007 3910 1160 3982 comparat
1181 3925 1208 3964 v.

80 4017 145 4075 432
174 4016 320 4091 „positum
348 4015 482 4090 pignori,
517 4011 596 4088 quod
629 4032 688 4068 non
722 4030 843 4087 prorsus
871 4009 966 4066 simile
1001 4015 1060 4079 est,
1095 4009 1146 4065 sed
1176 4012 1210 4065 ut

84 4113 275 4196 ,exponere“
302 4123 354 4172 aut
380 4111 566 4192 „opponere“
593 4113 755 4184 scribatur,
779 4131 838 4170 non
861 4111 1010 4188 permittit
1032 4129 1144 4168 versus.
1167 4140 1211 4149 -

82 4223 156 4281 663.
181 4213 370 4288 Acherunti,
406 4218 486 4295 apud
514 4217 641 4288 inferos,
676 4235 744 4272 nam
774 4217 853 4272 inter
881 4215 964 4271 vivos
993 4231 1052 4270 non
1081 4210 1210 4285 amplius

81 4329 155 4383 eris.
217 4321 284 4379 Vid.
315 4321 351 4378 ad
380 4321 487 4396 Amph.
515 4321 611 4390 1022,
647 4324 677 4375 et
706 4317 742 4374 de
772 4318 868 4375 forme
901 4315 1024 4372 ablativi
1061 4310 1208 4385 (locutivi)

81 4427 186 4485 Madv.
217 4423 317 4483 Grsm.
348 4425 397 4493 42,
430 4423 457 4482 d.
488 4451 530 4462 -
564 4423 634 4479 684.
670 4418 825 4495 Tyndarus
855 4417 1014 4493 respondet
1043 4435 1123 4486 eum,
1159 4417 1210 4490 qui
