2960 5012
87 521 266 591 1r‚r‚1o-c,
279 523 311 574 12
563 519 717 572 inuram.

545 707 732 774 Phaedra

87 819 171 896 Perii,
193 839 267 882 mea
289 817 410 881 nutrix.
453 815 598 881 Obsecro
621 823 664 895 te,
688 823 818 881 uterum
843 818 940 882 dolet.

86 927 158 992 luno
181 925 317 1006 Lucina,
340 929 434 989 luam
455 923 568 990 fidem!

529 1032 753 1116 Lyconides

611 1139 682 1220 Em,
705 1149 811 1206 mater
834 1163 915 1220 mea,

85 1249 150 1313 Tibi
170 1271 239 1314 rem
262 1255 376 1332 patere
400 1249 513 1330 nideo;
537 1249 668 1328 clamat,
691 1251 842 1332 parturit.

540 1357 734 1422 Eunomia

86 1465 176 1530 Ibac
198 1466 286 1530 intro
309 1486 447 1544 mecum,
471 1473 569 1548 gnate
593 1466 645 1544 mi,
668 1465 711 1529 ad
734 1465 871 1530 fratrem
894 1488 1011 1546 meum,

85 1573 123 1638 Ut
142 1576 236 1654 istuc,
259 1573 347 1658 quod
370 1594 421 1637 me
445 1595 529 1652 orac,
552 1574 754 1656 inpetratum
777 1574 818 1638 ab
843 1596 880 1638 eo
903 1574 1062 1640 auferam.

527 1693 755 1776 Lyconides

85 1801 106 1880 l,
127 1803 190 1866 iam
212 1821 331 1884 sequor
353 1807 395 1882 te,
418 1807 533 1866 mater.
556 1801 686 1866 -Sed
710 1823 841 1866 seruom
865 1823 972 1867 meum

88 1908 259 1974 Strobilum
281 1911 392 1988 miror,
415 1909 472 1974 ubi
495 1910 546 1987 sit,
572 1930 667 1992 quem
691 1930 750 1990 ego
773 1932 824 1972 me
847 1912 1007 1974 iusseram

86 2016 141 2080 Hic
164 2018 317 2102 opperiri.
362 2017 458 2082 Nunc
482 2038 542 2098 ego
567 2039 691 2082 mecum
715 2020 837 2101 cogito:

89 2124 118 2189 Si
138 2125 215 2189 mihi
239 2125 297 2189 dai
320 2146 462 2208 operam,
484 2147 536 2190 me
555 2125 607 2218 1111
629 2128 727 2190 irasci
749 2127 943 2190 iniuriumsb.

85 2233 138 2297 Ibo
160 2235 255 2314 intro,
277 2233 336 2298 ubi
359 2232 398 2298 dc
422 2225 530 2317 capite
553 2257 625 2300 meo
650 2243 727 2300 sunl
749 2236 891 2298 comitia.

520 2575 767 2642 STROBILUS.

89 2727 167 2793 Picis
190 2729 325 2808 diuitiis,
350 2729 407 2811 qui
430 2749 548 2794 aureos
571 2735 699 2796 montes
723 2731 842 2808 colunt,

89 2835 152 2918 ligo
175 2838 264 2902 solus
288 2857 417 2920 supero.
462 2835 548 2901 Nam
570 2837 651 2903 istos
674 2859 769 2919 reges
793 2845 921 2902 ceteros

89 2943 262 3009 Memorare
284 2944 369 3023 nolo,
393 2944 563 3008 hominum
585 2947 830 3011 mendicabula:

13 3057 14 3060 ’
89 3050 151 3134 Ego
174 3075 245 3118 sum
268 3053 324 3116 ille
347 3074 405 3118 rex
428 3051 607 3137 Philippus.
654 3053 681 3118 Ο
705 3055 849 3138 lepidum
873 3053 973 3118 diem!

89 3157 165 3224 Nam
187 3169 225 3225 ut
248 3160 372 3224 dudum
395 3161 471 3226 hinc
492 3162 574 3237 abii,
599 3163 702 3226 multo
725 3163 803 3226 illuc
827 3163 944 3226 adueni
967 3161 1068 3246 prior,

91 3267 250 3352 Multoque
273 3269 365 3352 prius
389 3290 440 3332 me
463 3269 633 3334 conlocaui
657 3271 688 3334 in
713 3269 873 3350 arborem,

90 3373 223 3460 Indeque
246 3377 470 3460 aspectabam‚
493 3377 551 3441 ubi
573 3400 691 3443 aurum
714 3378 931 3444 abstrudcbat
954 3399 1062 3442 senex.

90 3481 148 3547 Ubi
169 3486 221 3550 illc
244 3485 337 3564 abiit,
362 3505 422 3568 ego
445 3507 497 3550 me
520 3486 673 3551 deorsum
696 3486 779 3551 duco
804 3487 844 3552 de
868 3487 1003 3566 arborc;

90 3589 217 3658 chodio
239 3593 353 3658 aulam
375 3595 447 3658 auri
470 3594 612 3678 plenam.
658 3595 739 3659 Inde
762 3595 782 3676 1
805 3617 845 3659 ex
869 3617 907 3660 eo
931 3596 1003 3661 loco

93 3697 186 3766 Uideo
209 3703 357 3786 recipcre
382 3724 417 3767 oe
442 3723 568 3784 senem3
591 3703 646 3766 ille
671 3723 721 3767 me
744 3724 810 3767 non
833 3703 941 3784 uidet3

91 3804 165 3873 Nam
186 3832 246 3894 ego
270 3809 433 3876 declinaui
455 3811 592 3894 paulum
615 3833 667 3876 me
691 3819 784 3876 extra
806 3813 906 3876 uiam.

91 3921 182 3998 Attal,
204 3939 318 3984 eccum
341 3920 458 4002 ipsum.
509 3919 577 4000 lbo,
602 3925 639 3984 ut
660 3919 723 3985 hoc
746 3921 893 4000 condam,
918 3921 1059 3986 domum.

153 4231 200 4283 666
217 4247 276 4284 rem
292 4231 430 4300 potiorem
450 4230 534 4285 uideo
622 4233 672 4287 686
689 4231 724 4285 Ei
800 4233 852 4286 687
869 4249 931 4286 oras
951 4230 1066 4285 efficiam
1085 4229 1138 4284 bibi
1157 4229 1208 4283 im·

93 4319 222 4376 petrocum
274 4317 325 4370 688
343 4317 402 4370 lam
457 4319 507 4371 697
526 4316 573 4371 abi
625 4319 676 4372 699
695 4318 878 4387 expectabam
897 4335 997 4371 aurum
1015 4317 1064 4368 ubi
1116 4317 1166 4369 ’7911
1185 4315 1210 4369 ci

94 4391 139 4447 7113
155 4415 203 4468 ego
220 4419 277 4456 non
295 4401 435 4457 declinabi
