2956 5010
252 539 313 600 566
745 529 883 584 Curculio.

251 730 338 788 Truc.
369 729 424 786 68:
462 724 557 800 „Nam
590 745 736 802 nusquam
771 725 844 784 alibi
877 727 902 784 ei
932 733 1015 798 sunt,
1050 726 1162 784 circum
1195 730 1369 801 argentarias

252 831 357 890 Scorta
379 835 409 888 et
430 830 553 888 lenones
576 827 715 888 adsident
745 825 902 888 cottidie“.
934 857 971 868 -
1005 829 1077 887 472.
1108 823 1272 904 stipulari,
1306 851 1369 889 con-

250 937 364 992 tractus
387 933 538 1008 conceptis
560 931 660 990 verbis
682 931 790 1003 secere,
815 931 851 990 cf.
870 930 978 990 Pseud.
1000 929 1090 989 1076.
1136 930 1197 990 Eos
1219 932 1369 1006 significat,

250 1039 303 1115 qni
330 1037 360 1094 in
388 1035 477 1092 rebus
505 1033 718 1093 contrahendis
745 1052 804 1092 non
834 1032 912 1092 bona
940 1031 999 1090 fide
1034 1037 1168 1092 contenti
1203 1041 1289 1106 sunt,
1323 1037 1369 1094 sed

251 1139 352 1200 omnia
373 1139 446 1194 iuris
468 1137 595 1194 vinculis
617 1139 834 1213 constringunt.
881 1135 1001 1194 Sueton.
1024 1135 1127 1194 Vitell.
1155 1137 1210 1196 14:
1247 1138 1371 1210 „feners-

250 1247 350 1302 torum
378 1245 409 1298 et
436 1239 647 1322 stipulatorum
670 1237 973 1318 publicanorumque,
1007 1239 1060 1315 qui
1093 1259 1235 1316 umquam
1264 1261 1294 1298 ee
1324 1247 1372 1299 aut

250 1345 352 1405 Roma
376 1329 511 1401 debitum
533 1347 586 1400 aut
607 1344 637 1400 in
660 1344 708 1400 via
726 1342 893 1418 portorium
913 1340 1108 1418 flagitassent,
1132 1343 1182 1398 vix
1201 1343 1254 1401 ulli
1273 1363 1371 1420 peper-

253 1445 323 1508 cit“.
345 1477 388 1488 -
411 1447 482 1504 473.
514 1437 736 1520 Symbolarum
759 1438 947 1516 conlotorm,
975 1439 1100 1514 „erunt“
1126 1445 1224 1504 audiri
1247 1445 1370 1504 videtur.

251 1550 404 1629 Symbolas
433 1547 604 1619 conferunt,
639 1548 691 1623 qni
727 1547 873 1604 communi
903 1552 1025 1623 sumptu
1056 1549 1188 1604 cenaturi
1218 1555 1305 1620 sunt,
1338 1550 1369 1607 cf.

251 1651 340 1732 Epid.
367 1652 436 1710 126.
481 1649 572 1708 Stich.
597 1650 675 1708 439:
712 1649 897 1724 „symbolam
927 1648 1004 1708 dabo
1037 1657 1065 1706 et
1095 1649 1204 1707 iubebo
1219 1651 1266 1710 ,ad
1289 1651 1370 1725 Saga·

252 1757 349 1814 rinum
371 1773 471 1811 cenam
494 1747 612 1828 coqui“.
653 1751 720 1809 Ter.
744 1751 836 1810 Andr.
863 1753 912 1810 88.
947 1750 1022 1810 Eun.
1049 1753 1120 1810 540.
1166 1752 1229 1811 Hos
1252 1755 1372 1812 inveniri

252 1855 460 1926 conveniebat,
495 1854 546 1912 ubi
579 1860 753 1931 prostarent
786 1856 899 1931 pisces,
934 1855 953 1912 i.
985 1874 1011 1912 e.
1042 1853 1122 1931 apud
1156 1855 1313 1914 macellum
1344 1863 1370 1912 et

252 1958 358 2037 forum
378 1952 566 2032 piscariam,
596 1956 678 2033 quod
696 1955 799 2014 Livius
816 1955 930 2028 XXVI,
950 1958 1000 2028 27,
1026 1958 1041 2014 3
1064 1963 1092 2014 et
1109 1955 1172 2029 XL,
1200 1960 1248 2028 51,
1274 1962 1290 2016 5
1316 1960 1372 2034 „pi-

251 2055 429 2120 scatorium“
460 2059 543 2119 dicit.
596 2059 660 2118 Hoc
689 2059 818 2118 basilicae
852 2061 982 2117 vicinum
1015 2059 1105 2117 fnisse
1133 2080 1169 2117 ex
1200 2059 1286 2138 Cept.
1316 2063 1369 2119 807

251 2167 369 2235 scimus,
401 2183 454 2220 neo
478 2162 641 2221 obhorrent
663 2161 742 2220 Livii
764 2161 831 2220 loci.
878 2161 946 2219 Noli
968 2141 1062 2238 igitur
1084 2162 1232 2222 Urlichsio
1256 2162 1370 2220 credere

251 2266 329 2324 hunc
351 2285 469 2324 versum
486 2271 556 2343 poet
573 2267 633 2324 479
652 2264 824 2341 ponendum
844 2285 916 2337 esse,
940 2269 973 2322 ut
990 2264 1068 2322 idem
1086 2265 1220 2324 locorum
1240 2285 1372 2323 numerus

251 2369 283 2426 in
305 2374 433 2444 utroque
455 2367 513 2426 fori
535 2367 629 2424 latere
651 2368 836 2439 nominetnr;
860 2367 940 2443 quod
960 2367 1097 2444 squidem
1115 2349 1255 2424 Plautum
1273 2385 1371 2444 parum

252 2490 369 2529 curasse
398 2469 503 2541 credo;
537 2471 729 2546 piscatorium
760 2475 858 2528 autem
886 2470 983 2528 lorum
1007 2491 1025 2527 a
1047 2468 1171 2526 meridie
1200 2469 1259 2528 iori
1289 2468 1371 2526 fuisse

251 2575 373 2632 omnino
410 2573 579 2647 ignoratnr;
613 2592 681 2630 nam
710 2592 746 2630 ex
781 2577 922 2647 corrupto
951 2571 1096 2630 Varronis
1128 2571 1195 2630 loco
1226 2571 1259 2630 L.
1283 2571 1316 2630 L.
1339 2569 1368 2640 V,

255 2677 313 2734 146
337 2675 411 2732 nihil
442 2674 580 2734 edicitur.
608 2703 651 2714 —-
686 2675 759 2734 474.
794 2667 912 2733 Forum
939 2669 1082 2749 infimum
1104 2673 1271 2746 Beckerus,
1305 2675 1368 2732 Ant.

251 2778 337 2836 Rom.
361 2777 389 2848 Ι,
418 2797 448 2854 p.
475 2778 534 2836 328
569 2777 646 2834 male
679 2781 794 2852 partem
828 2775 977 2854 Capitolio
1012 2777 1175 2835 subiectam
1211 2777 1367 2845 intellexil;

251 2879 328 2938 idem
353 2880 431 2936 enim
454 2878 534 2956 apud
556 2877 631 2936 Plio.
652 2877 689 2937 H.
710 2877 746 2937 N.
765 2877 817 2950 III,
845 2883 872 2950 5,
900 2881 928 2951 9,
956 2881 994 2937 [id
1022 2885 1130 2956 „caput
1154 2877 1231 2939 lori“
1258 2880 1366 2938 dicitnr.

250 2981 308 3040 Est
333 2984 426 3068 igitur
456 2983 605 3040 contraria
632 3001 718 3059 pars,
749 2981 862 3040 Veliam
890 3001 1001 3041 versus.
1059 2981 1198 3040 Ceterum
1229 2982 1370 3040 Beckerus

251 3105 317 3143 cum
340 3086 368 3142 h.
386 3085 406 3144 l.
427 3089 580 3160 comperet
597 3083 657 3142 Cic.
676 3082 758 3142 Orat.
776 3083 830 3149 ΙΙΙ.
850 3085 899 3156 33,
927 3086 1001 3142 133:
1029 3083 1097 3154 ,,Μ’.
1124 3104 1193 3142 vero
1217 3085 1368 3142 Manilium

250 3207 304 3246 nos
327 3189 417 3246 etiam
440 3186 569 3246 vidimus
591 3192 763 3244 transverso
794 3186 994 3245 ambulantem
1024 3188 1100 3259 foro,
1138 3187 1218 3263 quod
1249 3193 1313 3244 erat
1332 3187 1370 3242 in·

251 3292 349 3365 signe,
380 3309 459 3362 eum,
490 3289 595 3366 quiid
618 3289 744 3361 facerat,
771 3290 868 3347 facere
891 3290 1005 3348 civibus
1028 3291 1164 3348 omnibus
1193 3290 1310 3366 consilii
1330 3289 1369 3345 sui

251 3389 398 3469 copiam“.
414 3421 451 3432 -
473 3394 544 3450 475.
569 3387 713 3451 Medium
732 3393 827 3450 iorum
840 3392 941 3451 Plauti
958 3398 1093 3468 tempore
1111 3394 1234 3450 transiit
1248 3385 1369 3460 canalio,

251 3497 299 3554 oui
321 3501 426 3571 postea
448 3494 610 3553 substituta
633 3501 679 3552 est
700 3494 800 3554 cloaca
823 3495 1025 3567 subterranea,
1048 3515 1144 3571 nuper
1163 3497 1194 3552 in
1213 3493 1370 3570 detegenda

251 3597 373 3655 basilica
395 3597 473 3654 Iulia
494 3599 625 3656 inventa.
672 3596 756 3668 Quod
781 3596 862 3656 Festi
885 3597 966 3674 Epic.
991 3617 1018 3673 p.
1044 3599 1083 3656 45
1107 3598 1214 3655 habet:
1242 3597 1369 3668 „Canali-

252 3699 323 3760 colae
345 3698 478 3758 forenses
501 3700 635 3758 homines
657 3719 805 3776 pauperes
834 3699 921 3770 dicti,
956 3699 1038 3776 quod
1067 3701 1145 3758 circa
1175 3701 1294 3758 canales
1320 3699 1371 3757 lori

251 3797 478 3873 consisterent“,
503 3822 538 3860 ex
556 3803 615 3860 alio
634 3803 762 3877 antiquae
785 3799 891 3860 labala
915 3803 979 3861 loco
1002 3809 1152 3878 sumptum
1177 3802 1303 3872 videtur,
1326 3802 1371 3876 qui

250 3907 377 3964 fortasse
401 3904 498 3964 Gallio
529 3905 702 3964 obversatus
732 3910 792 3976 est,
828 3904 907 3980 apud
930 3925 1016 3980 quem
1041 3904 1095 3976 IV,
1130 3901 1233 3976 20‚‘3
1264 3905 1370 3962 editur:

254 4008 329 4081 „Qui
358 4008 492 4080 iurabat,
529 4007 684 4066 cavillator
718 4005 839 4082 quidum
874 4013 903 4064 et
936 4001 1102 4065 canulicola
1130 4015 1160 4063 et
1189 4009 1278 4065 nimis
1306 4007 1370 4064 ridi·

205 4091 211 4104 ·
250 4111 380 4168 cularius
403 4108 493 4168 fuit“.
545 4109 649 4168 Plures
677 4111 707 4166 in
736 4109 800 4168 foro
827 4109 944 4166 canales
967 4109 1057 4166 finisse
1080 4109 1170 4166 Festo
1192 4129 1254 4166 non
1276 4107 1368 4174 credo;

252 4215 282 4271 in
305 4214 484 4272 Tertulliani
506 4213 570 4272 loco
589 4213 626 4270 de
644 4211 740 4270 Pallio
760 4216 776 4270 5
797 4213 889 4270 verba
907 4211 1044 4286 „canales
1068 4229 1127 4269 non
1150 4207 1261 4268 odoro“
1286 4211 1370 4267 ditto-

253 4316 385 4391 graphiae
409 4315 512 4373 deberi
535 4316 683 4374 videntur.
709 4343 750 4353 -
772 4309 816 4372 ibt'
839 4313 971 4372 abundet
993 4321 1027 4372 ut
1050 4316 1121 4372 479.
1146 4315 1219 4372 480,
1243 4315 1312 4372 481.
1334 4341 1369 4350 -

226 4399 227 4402 ¹
252 4448 290 4457 —
312 4419 384 4476 476.
413 4410 613 4492 Confidenles
637 4425 716 4476 recte
741 4422 808 4474 cett.
833 4416 919 4474 codd.
941 4447 980 4456 -
1004 4412 1120 4489 laeuam
1144 4416 1265 4476 Curtius
1287 4416 1367 4482 leone,
