2932 5010
234 521 295 584 316
716 516 867 572 Aulularia.

236 712 353 786 „Uerba
380 713 475 771 multa
504 707 658 772 lecimue“.
702 713 742 772 ib.
768 715 843 773 393:
881 713 969 786 „Tibi
995 734 1109 772 moram
1132 713 1220 772 dictis
1243 709 1351 770 creae¹‘.

232 815 297 874 Ter.
316 817 392 876 Eun.
417 818 494 874 754:
521 815 659 889 ,Odiosa,
684 813 809 876 cessae“.
845 817 951 890 Quare,
974 819 1062 876 utin
1085 837 1116 874 re
1139 815 1242 887 dubie,
1267 818 1352 873 inter·

231 920 356 998 rogandi
379 921 495 994 signum
519 921 614 979 omisi.

694 1107 751 1113 --
760 1107 873 1115 -..ω-υ...
883 1108 893 1114 -

320 1231 380 1288 390
399 1249 464 1306 sqq.
500 1227 578 1287 Dum
594 1229 699 1290 Euclio
722 1230 841 1288 domum
864 1231 967 1302 intrat,
991 1229 1125 1288 Anthrax
1142 1250 1179 1288 ex
1197 1229 1353 1303 Megadori

232 1331 345 1391 edibus
368 1334 431 1389 exit
452 1336 602 1408 artoptam
625 1353 643 1390 e
664 1333 831 1408 Congrione
853 1335 1014 1409 petiturus.
1065 1333 1187 1391 interim
1217 1333 1291 1410 qnid
1314 1333 1354 1390 la·

233 1433 369 1492 ciendum
399 1435 448 1506 eit,
480 1434 667 1493 adiutoribus
696 1437 757 1493 euie
785 1435 848 1492 eise
877 1433 1031 1512 discipulis
1053 1431 1094 1508 (v.
1119 1435 1194 1510 402)
1218 1437 1353 1513 imperat,

233 1557 370 1616 squamos
390 1537 523 1614 piscibus
545 1537 704 1612 tollendas,
729 1556 837 1614 congro
860 1541 891 1594 et
914 1553 1050 1595 murana
1073 1557 1141 1596 ossa
1163 1538 1353 1610 extrahenda,

231 1641 344 1716 gallum
372 1639 482 1715 plumis
510 1640 690 1700 nudandum.
740 1640 895 1717 Scriptura
922 1640 980 1699 loci
1009 1661 1045 1698 ex
1071 1639 1170 1700 Nonio
1200 1641 1355 1699 emendata
1445 1643 1446 1650 ’

232 1748 285 1816 est,
309 1745 361 1820 qui
383 1763 412 1820 p.
437 1745 492 1802 95:
527 1738 752 1821 ,Desquamat
776 1745 908 1819 squamis
931 1745 1070 1821 expoliat.
1114 1743 1240 1802 Plautus
1264 1743 1354 1802 Aulu-

232 1847 326 1906 laria:
349 1845 478 1906 Dromae
501 1846 664 1923 desquama
685 1847 783 1924 piscis,
807 1851 840 1904 ιιι
862 1846 1015 1905 Macberio
1032 1845 1183 1921 Gongrnm
1204 1867 1354 1906 murenam

232 1949 379 2008 exdorsua
412 1955 556 2026 quantum
590 1947 705 2028 potee“.
762 1954 793 2007 et
819 1968 848 2025 p.
886 1949 939 2007 17:
984 1943 1225 2022 ,Fercem
1268 1950 1354 2008 dorso

233 2053 354 2112 nudare.
399 2052 522 2111 Plautus
543 2053 714 2112 Aulularia:
747 2057 781 2111 tu
803 2051 936 2112 Macerio
959 2045 1108 2128 Congrum
1131 2072 1285 2112 murenam
1308 2073 1354 2110 ex·
1446 2033 1447 2036 Ἴ

232 2155 341 2216 dorsuo
364 2161 510 2232 quantum
532 2153 650 2234 potee“.
695 2156 883 2216 Camerarius
916 2174 953 2214 ne
982 2155 1188 2215 Plautinornm
1222 2154 1354 2214 codicum

231 2261 381 2337 scripturo
413 2279 479 2318 cum
507 2259 605 2319 Nonio
637 2264 801 2336 pugnaret,
836 2257 981 2318 excidisse
1011 2257 1126 2335 aliquid
1155 2259 1292 2336 putavit,
1324 2261 1356 2315 ut

230 2363 357 2439 legeret:
396 2363 561 2439 ,Congrum
584 2381 745 2422 murtenam
773 2361 920 2421 exdorsua
948 2365 1091 2438 quantum
1125 2365 1212 2438 potes
1247 2339 1359 2436 [Atque

231 2466 344 2539 omnia,
376 2463 446 2524 dum
469 2465 573 2524 absum
595 2461 688 2539 hinc,]
723 2471 859 2524 exossata
880 2464 927 2522 fac
949 2457 1057 2538 sient“,
1089 2483 1195 2542 parum
1218 2465 1352 2522 feliciter.

232 2565 378 2628 Gruterus
407 2568 554 2627 intellexit
580 2569 684 2643 ignoto
710 2567 801 2626 uerbo
833 2565 1015 2640 „exdorsua“
1049 2569 1276 2641 grammaticum
1303 2565 1353 2624 ali·

232 2691 320 2747 quem
347 2671 536 2730 substituisse
566 2677 720 2746 „exossata
748 2667 822 2732 eto.“
871 2665 1122 2747 („desqnammari
1150 2676 1181 2728 et
1203 2668 1353 2728 exdorsari

232 2771 347 2850 pieces¹⁴
380 2773 469 2850 Apul.
493 2774 530 2832 de
551 2773 632 2850 Mag.
656 2769 720 2847 42.)
787 2765 945 2851 Oonprum
970 2789 1157 2846 meltianum,
1182 2771 1351 2847 asyndeton,

232 2897 259 2934 v.
286 2877 322 2934 od
347 2875 454 2954 Amph.
479 2877 550 2936 891.
602 2877 702 2936 Pisces
730 2877 847 2954 cognati
869 2877 988 2952 generis
1010 2881 1089 2936 eunt.
1141 2875 1259 2953 (longer
1281 2893 1352 2932 eorn-

232 2985 417 3040 memoretur
452 2983 543 3038 etiam
576 2979 641 3039 Mil.
671 2981 749 3054 7603
788 2985 915 3056 uterque
948 2977 1029 3039 Pers.
1062 2981 1131 3039 lil.
1192 2977 1270 3038 Plin.
1303 2975 1351 3048 IX,

233 3086 282 3157 20,
297 3085 346 3155 36,
360 3085 416 3141 72:
444 3082 647 3154 „Morinorum
667 3083 718 3142 alii
737 3089 806 3142 sunt
823 3081 916 3160 plani,
940 3088 974 3141 ut
985 3082 1113 3156 rhombi,
1138 3082 1227 3141 solers
1240 3101 1275 3139 nc
1287 3101 1350 3157 pas-

233 3207 314 3245 seres
336 3223 344 3244 .
364 3231 370 3246 .
390 3231 414 3258 .,
439 3185 489 3243 alii
517 3185 613 3262 longi,
642 3191 677 3244 ut
705 3205 836 3260 murena,
867 3205 983 3262 conger.
1008 3215 1050 3226 —
1073 3185 1226 3264 quantum
1250 3181 1355 3259 polest

233 3295 313 3348 recte
347 3291 528 3348 recentiores
564 3287 647 3362 edd,
680 3309 708 3347 ι.
732 3287 770 3346 ad
798 3287 907 3366 Amph.
931 3291 1003 3348 964.
1032 3319 1074 3330 -
1103 3291 1173 3348 392.
1208 3282 1352 3362 Artoplu,

233 3393 380 3469 ἀρτὸπιης,
413 3392 503 3467 vulgo
525 3391 680 3450 dicebatur
707 3391 795 3451 homo
823 3393 909 3468 panis
936 3391 1064 3451 faciendi
1092 3393 1222 3470 peritus,
1256 3392 1354 3465 itaque

233 3495 383 3554 intellexit
404 3495 519 3554 Plinius
548 3495 585 3554 H.
608 3493 645 3552 N.
668 3493 782 3568 XVIII,
814 3496 867 3568 ll,
893 3498 942 3568 28,
970 3498 1043 3554 107:
1081 3494 1233 3568 „Pistores
1256 3491 1354 3551 Roma

233 3617 292 3656 non
326 3598 410 3658 tuere
439 3597 477 3657 ad
505 3598 656 3658 Persicum
690 3617 784 3675 neque
818 3595 943 3671 bellum;
983 3599 1041 3675 ipsi
1069 3617 1177 3676 panem
1207 3593 1356 3654 iaciebant

233 3701 377 3774 Quirites,
406 3701 623 3778 mulierumque
650 3700 680 3759 id
709 3720 784 3777 opus
806 3699 931 3760 maxime
954 3705 1033 3774 eret,
1068 3701 1144 3758 sicut
1166 3700 1257 3758 etiam
1281 3717 1356 3758 nnnc

232 3805 263 3863 in
285 3803 422 3881 plurimis
444 3804 588 3878 gentium.
631 3803 777 3882 Artoptas
804 3805 864 3862 iam
887 3802 1010 3863 Plautus
1038 3803 1171 3882 appellat
1192 3804 1223 3860 in
1246 3801 1353 3872 fabula,

233 3926 321 3985 quam
333 3905 516 3965 Aululariam
527 3907 689 3985 inscripsit,
701 3925 809 3982 magna
826 3906 865 3967 ob
876 3907 907 3964 id
925 3910 1146 3966 concertatione
1158 3905 1353 3976 eruditorum,

233 4029 270 4068 an
281 4011 307 4068 is
318 4028 422 4069 versus
432 4013 529 4086 poetae
545 4009 585 4068 sit
601 4009 697 4083 illius,
721 4016 892 4086 certumque
909 4009 944 4069 fit
954 4011 1024 4069 Atei
1035 4009 1191 4087 Capitonis
1207 4013 1354 4068 sententia

233 4131 318 4172 coece
345 4117 409 4172 tum
430 4131 537 4191 panem
558 4111 736 4172 lautioribus
755 4133 880 4190 coquere
897 4114 1011 4186 solitos,
1034 4114 1222 4190 pistoresque
1240 4117 1352 4172 tantum

234 4237 295 4290 eos,
318 4217 370 4294 qui
387 4215 433 4274 l'ar
450 4215 618 4294 pinsebant,
641 4213 839 4275 nominatos“.
874 4215 932 4276 Sed
949 4215 1004 4275 hoo
1022 4215 1089 4276 loco
1101 4235 1154 4274 vae
1166 4215 1351 4290 intelligitur,

234 4339 294 4397 qno
317 4319 355 4378 sd
376 4339 484 4398 panem
502 4319 669 4379 iaciendum
686 4325 739 4378 aut
753 4318 926 4378 torrendum
943 4319 1114 4392 utebantur,
1136 4320 1168 4376 τὸ
1187 4321 1282 4385 nabor
1298 4307 1353 4392 ei

233 4425 294 4489 τοὺς
306 4423 402 4499 ἄρτους
413 4424 574 4490 tremisse,
597 4423 676 4502 quod
694 4423 796 4482 eodem
816 4425 935 4482 nomine
953 4422 1136 4501 appellatum
1154 4443 1217 4482 esee
1229 4428 1352 4483 testatur
