<?xml version="1.0" encoding="UTF-8"?>
<!DOCTYPE html PUBLIC "-//W3C//DTD XHTML 1.0 Transitional//EN"
    "http://www.w3.org/TR/xhtml1/DTD/xhtml1-transitional.dtd">
<html xmlns="http://www.w3.org/1999/xhtml" xml:lang="en" lang="en">
 <head>
  <title>
</title>
<meta http-equiv="Content-Type" content="text/html;charset=utf-8" />
  <meta name='ocr-system' content='tesseract 3.04.00' />
  <meta name='ocr-capabilities' content='ocr_page ocr_carea ocr_par ocr_line ocrx_word'/>
</head>
<body>
  <div class='ocr_page' id='page_1' title='image "./tmacciiplautico00ussigoog_0104.png"; bbox 0 0 2928 5010; ppageno 0'>
   <div class='ocr_carea' id='block_1_1' title="bbox 109 527 747 598">
    <p class='ocr_par' dir='ltr' id='par_1_1' title="bbox 109 527 747 598">
     <span class='ocr_line' id='line_1_1' title="bbox 109 527 747 598; baseline 0 -16"><span class='ocrx_word' id='word_1_1' title='bbox 109 527 174 598; x_wconf 87' lang='grc' dir='ltr'><strong>Π,3,</strong></span> <span class='ocrx_word' id='word_1_2' title='bbox 184 530 305 584; x_wconf 84' lang='grc'>99-119</span> <span class='ocrx_word' id='word_1_3' title='bbox 585 527 747 584; x_wconf 75' lang='lat' dir='ltr'>Bacchides.</span> 
     </span>
    </p>
   </div>
   <div class='ocr_carea' id='block_1_2' title="bbox 65 718 1025 1995">
    <p class='ocr_par' dir='ltr' id='par_1_2' title="bbox 65 718 1025 1995">
     <span class='ocr_line' id='line_1_2' title="bbox 554 718 774 803; baseline 0.009 -21"><span class='ocrx_word' id='word_1_4' title='bbox 554 718 774 803; x_wconf 85' lang='lat' dir='ltr'>Chrysalus</span> 
     </span>
     <span class='ocr_line' id='line_1_3' title="bbox 453 825 874 894; baseline 0.005 -2"><span class='ocrx_word' id='word_1_5' title='bbox 453 828 576 893; x_wconf 88' lang='lat' dir='ltr'>Tantas</span> <span class='ocrx_word' id='word_1_6' title='bbox 599 825 734 892; x_wconf 86' lang='lat' dir='ltr'>diuitias</span> <span class='ocrx_word' id='word_1_7' title='bbox 757 827 874 894; x_wconf 85' lang='lat' dir='ltr'>habet:</span> 
     </span>
     <span class='ocr_line' id='line_1_4' title="bbox 106 935 557 1019; baseline 0.004 -20"><span class='ocrx_word' id='word_1_8' title='bbox 106 935 217 1016; x_wconf 83' lang='lat' dir='ltr'>Nescit,</span> <span class='ocrx_word' id='word_1_9' title='bbox 240 935 322 1019; x_wconf 88' lang='lat' dir='ltr'>quid</span> <span class='ocrx_word' id='word_1_10' title='bbox 343 935 445 1001; x_wconf 84' lang='lat' dir='ltr'>faciat</span> <span class='ocrx_word' id='word_1_11' title='bbox 467 957 557 1001; x_wconf 87' lang='lat' dir='ltr'>auro.</span> 
     </span>
     <span class='ocr_line' id='line_1_5' title="bbox 548 1045 773 1112; baseline 0.004 -4"><span class='ocrx_word' id='word_1_12' title='bbox 548 1045 773 1112; x_wconf 87' lang='lat' dir='ltr'>Nicobulus</span> 
     </span>
     <span class='ocr_line' id='line_1_6' title="bbox 571 1153 944 1235; baseline 0 -17"><span class='ocrx_word' id='word_1_13' title='bbox 571 1154 653 1218; x_wconf 91' lang='lat' dir='ltr'>Mihi</span> <span class='ocrx_word' id='word_1_14' title='bbox 676 1154 813 1235; x_wconf 90' lang='lat' dir='ltr'>dederit,</span> <span class='ocrx_word' id='word_1_15' title='bbox 835 1153 944 1219; x_wconf 89' lang='lat' dir='ltr'>uelim.</span> 
     </span>
     <span class='ocr_line' id='line_1_7' title="bbox 105 1259 1025 1345; baseline 0.002 -21"><span class='ocrx_word' id='word_1_16' title='bbox 105 1259 162 1325; x_wconf 87' lang='lat' dir='ltr'>Sed</span> <span class='ocrx_word' id='word_1_17' title='bbox 184 1262 239 1344; x_wconf 85' lang='lat' dir='ltr'>qui</span> <span class='ocrx_word' id='word_1_18' title='bbox 261 1268 438 1345; x_wconf 83' lang='lat' dir='ltr'>praesente</span> <span class='ocrx_word' id='word_1_19' title='bbox 460 1261 495 1326; x_wconf 91' lang='lat' dir='ltr'>id</span> <span class='ocrx_word' id='word_1_20' title='bbox 517 1283 635 1328; x_wconf 89' lang='lat' dir='ltr'>aurum</span> <span class='ocrx_word' id='word_1_21' title='bbox 657 1261 831 1327; x_wconf 82' lang='lat' dir='ltr'>Theotimo</span> <span class='ocrx_word' id='word_1_22' title='bbox 854 1262 1025 1329; x_wconf 83' lang='lat' dir='ltr'>datumst?</span> 
     </span>
     <span class='ocr_line' id='line_1_8' title="bbox 550 1368 774 1455; baseline 0.004 -21"><span class='ocrx_word' id='word_1_23' title='bbox 550 1368 774 1455; x_wconf 84' lang='lat' dir='ltr'>Chrysalus</span> 
     </span>
     <span class='ocr_line' id='line_1_9' title="bbox 104 1475 956 1564; baseline 0.008 -26"><span class='ocrx_word' id='word_1_24' title='bbox 104 1475 221 1561; x_wconf 90' lang='lat' dir='ltr'>Populo</span> <span class='ocrx_word' id='word_1_25' title='bbox 245 1484 436 1562; x_wconf 86' lang='lat' dir='ltr'>praesente3</span> <span class='ocrx_word' id='word_1_26' title='bbox 457 1478 583 1544; x_wconf 87' lang='lat' dir='ltr'>nullust</span> <span class='ocrx_word' id='word_1_27' title='bbox 605 1479 737 1562; x_wconf 83' lang='lat' dir='ltr'>Ephesi,</span> <span class='ocrx_word' id='word_1_28' title='bbox 761 1479 841 1564; x_wconf 90' lang='lat' dir='ltr'>quin</span> <span class='ocrx_word' id='word_1_29' title='bbox 864 1480 956 1545; x_wconf 86' lang='lat' dir='ltr'>sciet.</span> 
     </span>
     <span class='ocr_line' id='line_1_10' title="bbox 547 1587 777 1653; baseline 0.004 -2"><span class='ocrx_word' id='word_1_30' title='bbox 547 1587 777 1653; x_wconf 88' lang='lat' dir='ltr'>Nicobulus</span> 
     </span>
     <span class='ocr_line' id='line_1_11' title="bbox 65 1693 732 1780; baseline 0.006 -24"><span class='ocrx_word' id='word_1_31' title='bbox 65 1727 67 1732; x_wconf 89' lang='lat'><em>·</em></span> <span class='ocrx_word' id='word_1_32' title='bbox 102 1693 184 1759; x_wconf 88' lang='lat' dir='ltr'>Istuc</span> <span class='ocrx_word' id='word_1_33' title='bbox 205 1697 372 1780; x_wconf 77' lang='lat' dir='ltr'>sapienter</span> <span class='ocrx_word' id='word_1_34' title='bbox 394 1695 511 1762; x_wconf 86' lang='lat' dir='ltr'>saltem</span> <span class='ocrx_word' id='word_1_35' title='bbox 533 1694 613 1761; x_wconf 88' lang='lat' dir='ltr'>fecit</span> <span class='ocrx_word' id='word_1_36' title='bbox 634 1695 732 1776; x_wconf 90' lang='lat' dir='ltr'>filius,</span> 
     </span>
     <span class='ocr_line' id='line_1_12' title="bbox 101 1802 1013 1887; baseline 0.002 -19"><span class='ocrx_word' id='word_1_37' title='bbox 101 1802 200 1880; x_wconf 80' lang='lat' dir='ltr'>Quom</span> <span class='ocrx_word' id='word_1_38' title='bbox 223 1804 318 1870; x_wconf 91' lang='lat' dir='ltr'>diuiti</span> <span class='ocrx_word' id='word_1_39' title='bbox 340 1804 465 1870; x_wconf 92' lang='lat' dir='ltr'>homini</span> <span class='ocrx_word' id='word_1_40' title='bbox 486 1804 522 1870; x_wconf 94' lang='lat' dir='ltr'>id</span> <span class='ocrx_word' id='word_1_41' title='bbox 545 1825 659 1870; x_wconf 89' lang='lat' dir='ltr'>aurum</span> <span class='ocrx_word' id='word_1_42' title='bbox 685 1804 884 1870; x_wconf 87' lang='lat' dir='ltr'>seruandum</span> <span class='ocrx_word' id='word_1_43' title='bbox 907 1803 1013 1887; x_wconf 82' lang='lat' dir='ltr'>dedit3</span> 
     </span>
     <span class='ocr_line' id='line_1_13' title="bbox 101 1911 816 1995; baseline 0.004 -20"><span class='ocrx_word' id='word_1_44' title='bbox 101 1911 148 1976; x_wconf 86' lang='lat' dir='ltr'>Ab</span> <span class='ocrx_word' id='word_1_45' title='bbox 170 1933 208 1978; x_wconf 91' lang='lat' dir='ltr'>eo</span> <span class='ocrx_word' id='word_1_46' title='bbox 229 1913 345 1979; x_wconf 84' lang='lat' dir='ltr'>licebit</span> <span class='ocrx_word' id='word_1_47' title='bbox 366 1913 518 1995; x_wconf 87' lang='lat' dir='ltr'>quamuis</span> <span class='ocrx_word' id='word_1_48' title='bbox 542 1912 653 1978; x_wconf 90' lang='lat' dir='ltr'>subito</span> <span class='ocrx_word' id='word_1_49' title='bbox 677 1933 816 1978; x_wconf 88' lang='lat' dir='ltr'>sumere.</span> 
     </span>
    </p>
   </div>
   <div class='ocr_carea' id='block_1_3' title="bbox 99 2039 874 2341">
    <p class='ocr_par' dir='ltr' id='par_1_3' title="bbox 99 2039 874 2341">
     <span class='ocr_line' id='line_1_14' title="bbox 550 2039 775 2123; baseline 0 -21"><span class='ocrx_word' id='word_1_50' title='bbox 550 2039 775 2123; x_wconf 82' lang='lat' dir='ltr'>Chrysalus</span> 
     </span>
     <span class='ocr_line' id='line_1_15' title="bbox 99 2145 856 2232; baseline 0.001 -23"><span class='ocrx_word' id='word_1_51' title='bbox 99 2145 196 2212; x_wconf 92' lang='lat' dir='ltr'>Immo</span> <span class='ocrx_word' id='word_1_52' title='bbox 218 2148 381 2232; x_wconf 81' lang='lat' dir='ltr'>tantisper</span> <span class='ocrx_word' id='word_1_53' title='bbox 403 2169 585 2232; x_wconf 83' lang='lat' dir='ltr'>numquam</span> <span class='ocrx_word' id='word_1_54' title='bbox 606 2155 639 2213; x_wconf 91' lang='lat' dir='ltr'>te</span> <span class='ocrx_word' id='word_1_55' title='bbox 662 2145 856 2226; x_wconf 88' lang='lat' dir='ltr'>morabitur,</span> 
     </span>
     <span class='ocr_line' id='line_1_16' title="bbox 100 2251 874 2341; baseline 0.004 -24"><span class='ocrx_word' id='word_1_56' title='bbox 100 2251 181 2330; x_wconf 86' lang='lat' dir='ltr'>Quin</span> <span class='ocrx_word' id='word_1_57' title='bbox 202 2254 327 2321; x_wconf 88' lang='lat' dir='ltr'>habeas</span> <span class='ocrx_word' id='word_1_58' title='bbox 348 2255 441 2337; x_wconf 89' lang='lat' dir='ltr'>illud,</span> <span class='ocrx_word' id='word_1_59' title='bbox 465 2277 531 2341; x_wconf 90' lang='lat' dir='ltr'>quo</span> <span class='ocrx_word' id='word_1_60' title='bbox 554 2257 607 2321; x_wconf 92' lang='lat' dir='ltr'>die</span> <span class='ocrx_word' id='word_1_61' title='bbox 630 2257 710 2321; x_wconf 91' lang='lat' dir='ltr'>illuc</span> <span class='ocrx_word' id='word_1_62' title='bbox 732 2256 874 2322; x_wconf 89' lang='lat' dir='ltr'>ueneris.</span> 
     </span>
    </p>
   </div>
   <div class='ocr_carea' id='block_1_4' title="bbox 99 2386 932 3010">
    <p class='ocr_par' dir='ltr' id='par_1_4' title="bbox 99 2386 932 3010">
     <span class='ocr_line' id='line_1_17' title="bbox 549 2386 773 2452; baseline 0.009 -2"><span class='ocrx_word' id='word_1_63' title='bbox 549 2386 773 2452; x_wconf 86' lang='lat' dir='ltr'>Nicobulus</span> 
     </span>
     <span class='ocr_line' id='line_1_18' title="bbox 100 2491 884 2580; baseline 0.005 -25"><span class='ocrx_word' id='word_1_64' title='bbox 100 2491 277 2560; x_wconf 80' lang='lat' dir='ltr'>Censebam</span> <span class='ocrx_word' id='word_1_65' title='bbox 299 2517 352 2562; x_wconf 90' lang='lat' dir='ltr'>ma</span> <span class='ocrx_word' id='word_1_66' title='bbox 374 2495 537 2580; x_wconf 80' lang='lat' dir='ltr'>eciugisse</span> <span class='ocrx_word' id='word_1_67' title='bbox 561 2515 582 2560; x_wconf 87' lang='lat' dir='ltr'>a</span> <span class='ocrx_word' id='word_1_68' title='bbox 603 2496 675 2560; x_wconf 90' lang='lat' dir='ltr'>uita</span> <span class='ocrx_word' id='word_1_69' title='bbox 696 2496 884 2575; x_wconf 85' lang='lat' dir='ltr'>marituma,</span> 
     </span>
     <span class='ocr_line' id='line_1_19' title="bbox 99 2599 877 2686; baseline 0.005 -23"><span class='ocrx_word' id='word_1_70' title='bbox 99 2599 144 2665; x_wconf 80' lang='lat' dir='ltr'>Ne</span> <span class='ocrx_word' id='word_1_71' title='bbox 165 2603 358 2686; x_wconf 84' lang='lat' dir='ltr'>nauigarem</span> <span class='ocrx_word' id='word_1_72' title='bbox 379 2604 515 2670; x_wconf 84' lang='lat' dir='ltr'>tandem</span> <span class='ocrx_word' id='word_1_73' title='bbox 537 2603 601 2670; x_wconf 85' lang='lat' dir='ltr'>hoc</span> <span class='ocrx_word' id='word_1_74' title='bbox 622 2605 744 2670; x_wconf 86' lang='lat' dir='ltr'>aetatis</span> <span class='ocrx_word' id='word_1_75' title='bbox 768 2623 877 2670; x_wconf 86' lang='lat' dir='ltr'>senex.</span> 
     </span>
     <span class='ocr_line' id='line_1_20' title="bbox 99 2707 914 2796; baseline 0.006 -25"><span class='ocrx_word' id='word_1_76' title='bbox 99 2707 133 2772; x_wconf 90' lang='lat' dir='ltr'>Id</span> <span class='ocrx_word' id='word_1_77' title='bbox 154 2711 232 2776; x_wconf 91' lang='lat' dir='ltr'>mihi</span> <span class='ocrx_word' id='word_1_78' title='bbox 254 2712 345 2778; x_wconf 87' lang='lat' dir='ltr'>haud</span> <span class='ocrx_word' id='word_1_79' title='bbox 367 2719 479 2778; x_wconf 89' lang='lat' dir='ltr'>utrum</span> <span class='ocrx_word' id='word_1_80' title='bbox 501 2712 601 2778; x_wconf 86' lang='lat' dir='ltr'>uelim</span> <span class='ocrx_word' id='word_1_81' title='bbox 623 2712 722 2777; x_wconf 89' lang='lat' dir='ltr'>licere</span> <span class='ocrx_word' id='word_1_82' title='bbox 743 2711 914 2796; x_wconf 83' lang='lat' dir='ltr'>intellego;</span> 
     </span>
     <span class='ocr_line' id='line_1_21' title="bbox 100 2815 802 2905; baseline 0.007 -26"><span class='ocrx_word' id='word_1_83' title='bbox 100 2815 147 2883; x_wconf 85' lang='lat' dir='ltr'>Ite</span> <span class='ocrx_word' id='word_1_84' title='bbox 166 2819 273 2886; x_wconf 89' lang='lat' dir='ltr'>bellus</span> <span class='ocrx_word' id='word_1_85' title='bbox 296 2820 418 2905; x_wconf 84' lang='lat' dir='ltr'>hospes</span> <span class='ocrx_word' id='word_1_86' title='bbox 440 2821 520 2886; x_wconf 84' lang='lat' dir='ltr'>fecit</span> <span class='ocrx_word' id='word_1_87' title='bbox 541 2819 802 2886; x_wconf 80' lang='lat' dir='ltr'>Archidemides.</span> 
     </span>
     <span class='ocr_line' id='line_1_22' title="bbox 100 2923 932 3010; baseline 0.005 -21"><span class='ocrx_word' id='word_1_88' title='bbox 100 2923 158 2991; x_wconf 83' lang='lat' dir='ltr'>bbi</span> <span class='ocrx_word' id='word_1_89' title='bbox 178 2950 267 2994; x_wconf 89' lang='lat' dir='ltr'>nunc</span> <span class='ocrx_word' id='word_1_90' title='bbox 290 2935 340 2994; x_wconf 89' lang='lat' dir='ltr'>est</span> <span class='ocrx_word' id='word_1_91' title='bbox 362 2949 440 3010; x_wconf 88' lang='lat' dir='ltr'>ergo</span> <span class='ocrx_word' id='word_1_92' title='bbox 462 2951 556 2995; x_wconf 91' lang='lat' dir='ltr'>meus</span> <span class='ocrx_word' id='word_1_93' title='bbox 578 2927 798 2994; x_wconf 87' lang='lat' dir='ltr'>Mnesilochus</span> <span class='ocrx_word' id='word_1_94' title='bbox 820 2926 932 2993; x_wconf 82' lang='lat' dir='ltr'>filius?</span> 
     </span>
    </p>
   </div>
   <div class='ocr_carea' id='block_1_5' title="bbox 100 3059 919 3252">
    <p class='ocr_par' dir='ltr' id='par_1_5' title="bbox 100 3059 919 3252">
     <span class='ocr_line' id='line_1_23' title="bbox 547 3059 773 3146; baseline -0.009 -20"><span class='ocrx_word' id='word_1_95' title='bbox 547 3059 773 3146; x_wconf 82' lang='lat' dir='ltr'>Chrysalus</span> 
     </span>
     <span class='ocr_line' id='line_1_24' title="bbox 100 3164 919 3252; baseline 0.002 -24"><span class='ocrx_word' id='word_1_96' title='bbox 100 3164 178 3231; x_wconf 90' lang='lat' dir='ltr'>Deos</span> <span class='ocrx_word' id='word_1_97' title='bbox 202 3175 304 3252; x_wconf 86' lang='lat' dir='ltr'>atque</span> <span class='ocrx_word' id='word_1_98' title='bbox 327 3171 449 3235; x_wconf 87' lang='lat' dir='ltr'>amicos</span> <span class='ocrx_word' id='word_1_99' title='bbox 472 3171 512 3234; x_wconf 91' lang='lat' dir='ltr'>iit</span> <span class='ocrx_word' id='word_1_100' title='bbox 535 3169 716 3235; x_wconf 88' lang='lat' dir='ltr'>salutatum</span> <span class='ocrx_word' id='word_1_101' title='bbox 739 3167 781 3232; x_wconf 88' lang='lat' dir='ltr'>ad</span> <span class='ocrx_word' id='word_1_102' title='bbox 803 3165 919 3232; x_wconf 83' lang='lat' dir='ltr'>iorum.</span> 
     </span>
    </p>
   </div>
   <div class='ocr_carea' id='block_1_6' title="bbox 101 3299 1222 3504">
    <p class='ocr_par' dir='ltr' id='par_1_6' title="bbox 101 3299 1222 3504">
     <span class='ocr_line' id='line_1_25' title="bbox 541 3299 774 3366; baseline 0 -2"><span class='ocrx_word' id='word_1_103' title='bbox 541 3299 774 3366; x_wconf 90' lang='lat' dir='ltr'>Nicobulus</span> 
     </span>
     <span class='ocr_line' id='line_1_26' title="bbox 101 3403 1222 3504; baseline 0.009 -38"><span class='ocrx_word' id='word_1_104' title='bbox 101 3403 138 3470; x_wconf 79' lang='lat' dir='ltr'>At</span> <span class='ocrx_word' id='word_1_105' title='bbox 159 3407 312 3492; x_wconf 85' lang='lat' dir='ltr'>egobino</span> <span class='ocrx_word' id='word_1_106' title='bbox 331 3408 419 3490; x_wconf 85' lang='lat' dir='ltr'>abeo,</span> <span class='ocrx_word' id='word_1_107' title='bbox 441 3409 534 3504; x_wconf 84' lang='lat' dir='ltr'>illum</span> <span class='ocrx_word' id='word_1_108' title='bbox 551 3416 590 3474; x_wconf 91' lang='lat' dir='ltr'>ut</span> <span class='ocrx_word' id='word_1_109' title='bbox 607 3408 810 3488; x_wconf 87' lang='lat' dir='ltr'>conueniam,</span> <span class='ocrx_word' id='word_1_110' title='bbox 834 3413 994 3489; x_wconf 87' lang='lat' dir='ltr'>quantum</span> <span class='ocrx_word' id='word_1_111' title='bbox 1011 3411 1131 3491; x_wconf 88' lang='lat' dir='ltr'>potest.</span> <span class='ocrx_word' id='word_1_112' title='bbox 1172 3423 1222 3476; x_wconf 85' lang='lat'>345</span> 
     </span>
    </p>
   </div>
   <div class='ocr_carea' id='block_1_7' title="bbox 101 3538 906 3949">
    <p class='ocr_par' dir='ltr' id='par_1_7' title="bbox 101 3538 906 3949">
     <span class='ocr_line' id='line_1_27' title="bbox 548 3538 769 3622; baseline 0 -18"><span class='ocrx_word' id='word_1_113' title='bbox 548 3538 769 3622; x_wconf 84' lang='lat' dir='ltr'>Chrysalus</span> 
     </span>
     <span class='ocr_line' id='line_1_28' title="bbox 102 3643 865 3732; baseline 0.007 -26"><span class='ocrx_word' id='word_1_114' title='bbox 102 3643 187 3712; x_wconf 90' lang='lat' dir='ltr'>Illest</span> <span class='ocrx_word' id='word_1_115' title='bbox 208 3655 366 3714; x_wconf 85' lang='lat' dir='ltr'>oneratus</span> <span class='ocrx_word' id='word_1_116' title='bbox 388 3653 478 3714; x_wconf 87' lang='lat' dir='ltr'>recte</span> <span class='ocrx_word' id='word_1_117' title='bbox 502 3655 535 3712; x_wconf 89' lang='lat' dir='ltr'>et</span> <span class='ocrx_word' id='word_1_118' title='bbox 557 3647 632 3732; x_wconf 91' lang='lat' dir='ltr'>plus</span> <span class='ocrx_word' id='word_1_119' title='bbox 654 3648 740 3712; x_wconf 91' lang='lat' dir='ltr'>iusto</span> <span class='ocrx_word' id='word_1_120' title='bbox 762 3647 865 3712; x_wconf 91' lang='lat' dir='ltr'>uehit.</span> 
     </span>
     <span class='ocr_line' id='line_1_29' title="bbox 101 3753 906 3836; baseline 0.004 -19"><span class='ocrx_word' id='word_1_121' title='bbox 101 3753 219 3822; x_wconf 82' lang='lat' dir='ltr'>Exorsa</span> <span class='ocrx_word' id='word_1_122' title='bbox 239 3756 322 3822; x_wconf 87' lang='lat' dir='ltr'>haec</span> <span class='ocrx_word' id='word_1_123' title='bbox 344 3756 412 3821; x_wconf 88' lang='lat' dir='ltr'>tela</span> <span class='ocrx_word' id='word_1_124' title='bbox 433 3777 499 3821; x_wconf 92' lang='lat' dir='ltr'>non</span> <span class='ocrx_word' id='word_1_125' title='bbox 520 3757 606 3820; x_wconf 87' lang='lat' dir='ltr'>male</span> <span class='ocrx_word' id='word_1_126' title='bbox 630 3757 761 3822; x_wconf 91' lang='lat' dir='ltr'>omnino</span> <span class='ocrx_word' id='word_1_127' title='bbox 783 3755 906 3836; x_wconf 85' lang='lat' dir='ltr'>mihist,</span> 
     </span>
     <span class='ocr_line' id='line_1_30' title="bbox 103 3860 899 3949; baseline 0.003 -24"><span class='ocrx_word' id='word_1_128' title='bbox 103 3860 141 3927; x_wconf 90' lang='lat' dir='ltr'>Ut</span> <span class='ocrx_word' id='word_1_129' title='bbox 161 3872 326 3931; x_wconf 88' lang='lat' dir='ltr'>amantem</span> <span class='ocrx_word' id='word_1_130' title='bbox 348 3865 461 3930; x_wconf 89' lang='lat' dir='ltr'>erilem</span> <span class='ocrx_word' id='word_1_131' title='bbox 484 3885 599 3949; x_wconf 88' lang='lat' dir='ltr'>copem</span> <span class='ocrx_word' id='word_1_132' title='bbox 621 3864 764 3930; x_wconf 81' lang='lat' dir='ltr'>iacerem</span> <span class='ocrx_word' id='word_1_133' title='bbox 785 3861 899 3928; x_wconf 90' lang='lat' dir='ltr'>filium.</span> 
     </span>
    </p>
   </div>
   <div class='ocr_carea' id='block_1_8' title="bbox 100 3957 1221 4166">
    <p class='ocr_par' dir='ltr' id='par_1_8' title="bbox 100 3957 1221 4166">
     <span class='ocr_line' id='line_1_31' title="bbox 100 3957 873 4056; baseline 0.005 -24"><span class='ocrx_word' id='word_1_134' title='bbox 100 3969 146 4035; x_wconf 91' lang='lat' dir='ltr'>Ita</span> <span class='ocrx_word' id='word_1_135' title='bbox 166 3973 237 4053; x_wconf 87' lang='lat' dir='ltr'>feci,</span> <span class='ocrx_word' id='word_1_136' title='bbox 258 3981 298 4038; x_wconf 91' lang='lat' dir='ltr'>ut</span> <span class='ocrx_word' id='word_1_137' title='bbox 319 3973 392 4038; x_wconf 88' lang='lat' dir='ltr'>auri</span> <span class='ocrx_word' id='word_1_138' title='bbox 414 3957 573 4056; x_wconf 83' lang='lat' dir='ltr'>quantum</span> <span class='ocrx_word' id='word_1_139' title='bbox 595 3972 698 4037; x_wconf 91' lang='lat' dir='ltr'>uellet</span> <span class='ocrx_word' id='word_1_140' title='bbox 720 3978 873 4052; x_wconf 85' lang='lat' dir='ltr'>sumeret,</span> 
     </span>
     <span class='ocr_line' id='line_1_32' title="bbox 102 4075 1221 4166; baseline 0.005 -24"><span class='ocrx_word' id='word_1_141' title='bbox 102 4075 256 4166; x_wconf 81' lang='lat' dir='ltr'>Quantum</span> <span class='ocrx_word' id='word_1_142' title='bbox 279 4087 391 4147; x_wconf 86' lang='lat' dir='ltr'>autem</span> <span class='ocrx_word' id='word_1_143' title='bbox 410 4080 526 4147; x_wconf 89' lang='lat' dir='ltr'>lubeat</span> <span class='ocrx_word' id='word_1_144' title='bbox 546 4081 694 4160; x_wconf 89' lang='lat' dir='ltr'>reddere,</span> <span class='ocrx_word' id='word_1_145' title='bbox 717 4087 755 4144; x_wconf 92' lang='lat' dir='ltr'>ut</span> <span class='ocrx_word' id='word_1_146' title='bbox 776 4079 897 4145; x_wconf 87' lang='lat' dir='ltr'>reddat</span> <span class='ocrx_word' id='word_1_147' title='bbox 918 4080 1015 4164; x_wconf 87' lang='lat' dir='ltr'>patri.</span> <span class='ocrx_word' id='word_1_148' title='bbox 1170 4095 1221 4149; x_wconf 82' lang='lat'>350</span> 
     </span>
    </p>
   </div>
   <div class='ocr_carea' id='block_1_9' title="bbox 128 4253 320 4263">
    <p class='ocr_par' dir='ltr' id='par_1_9' title="bbox 128 4253 320 4263">
     <span class='ocr_line' id='line_1_33' title="bbox 128 4253 320 4263; baseline 0.016 -3"><span class='ocrx_word' id='word_1_149' title='bbox 128 4253 320 4263; x_wconf 69' lang='lat'><em>—--—.—.-...--</em></span> 
     </span>
    </p>
   </div>
   <div class='ocr_carea' id='block_1_10' title="bbox 102 4333 1218 4492">
    <p class='ocr_par' dir='ltr' id='par_1_10' title="bbox 102 4333 1218 4492">
     <span class='ocr_line' id='line_1_34' title="bbox 163 4333 1218 4406; baseline 0.002 -18"><span class='ocrx_word' id='word_1_150' title='bbox 163 4337 209 4389; x_wconf 82' lang='lat'>331</span> <span class='ocrx_word' id='word_1_151' title='bbox 229 4337 277 4406; x_wconf 88' lang='lat' dir='ltr'>qui</span> <span class='ocrx_word' id='word_1_152' title='bbox 297 4335 320 4392; x_wconf 82' lang='grc'><em>0</em></span> <span class='ocrx_word' id='word_1_153' title='bbox 396 4335 638 4392; x_wconf 69' lang='grc' dir='ltr'>33711111110111111ἱ</span> <span class='ocrx_word' id='word_1_154' title='bbox 657 4336 796 4406; x_wconf 85' lang='lat' dir='ltr'>tantisper</span> <span class='ocrx_word' id='word_1_155' title='bbox 874 4337 925 4390; x_wconf 81' lang='grc'>338</span> <span class='ocrx_word' id='word_1_156' title='bbox 941 4334 1046 4389; x_wconf 85' lang='lat' dir='ltr'>habeas</span> <span class='ocrx_word' id='word_1_157' title='bbox 1063 4333 1144 4390; x_wconf 81' lang='lat' dir='ltr'>illum</span> <span class='ocrx_word' id='word_1_158' title='bbox 1162 4350 1218 4404; x_wconf 87' lang='lat' dir='ltr'>quo</span> 
     </span>
     <span class='ocr_line' id='line_1_35' title="bbox 102 4417 883 4492; baseline 0.008 -23"><span class='ocrx_word' id='word_1_159' title='bbox 102 4417 146 4471; x_wconf 78' lang='lat'>345</span> <span class='ocrx_word' id='word_1_160' title='bbox 162 4419 226 4474; x_wconf 90' lang='lat' dir='ltr'>hinc</span> <span class='ocrx_word' id='word_1_161' title='bbox 244 4421 279 4475; x_wconf 89' lang='lat' dir='ltr'>ad</span> <span class='ocrx_word' id='word_1_162' title='bbox 297 4421 376 4476; x_wconf 89' lang='lat' dir='ltr'>illum</span> <span class='ocrx_word' id='word_1_163' title='bbox 445 4423 496 4476; x_wconf 83' lang='grc'>348</span> <span class='ocrx_word' id='word_1_164' title='bbox 515 4438 637 4492; x_wconf 87' lang='lat' dir='ltr'>quopem</span> <span class='ocrx_word' id='word_1_165' title='bbox 654 4421 689 4490; x_wconf 91' lang='lat' dir='ltr'>B,</span> <span class='ocrx_word' id='word_1_166' title='bbox 708 4423 840 4490; x_wconf 91' lang='lat' dir='ltr'>quiopem</span> <span class='ocrx_word' id='word_1_167' title='bbox 860 4420 883 4475; x_wconf 81' lang='lat'><em>0</em></span> 
     </span>
    </p>
   </div>
   <div class='ocr_carea' id='block_1_11' title="bbox 980 4523 1014 4578">
    <p class='ocr_par' dir='ltr' id='par_1_11' title="bbox 980 4523 1014 4578">
     <span class='ocr_line' id='line_1_36' title="bbox 980 4523 1014 4578; baseline 0 -20"><span class='ocrx_word' id='word_1_168' title='bbox 980 4523 1014 4578; x_wconf 66' lang='grc'>6*</span> 
     </span>
    </p>
   </div>
   <div class='ocr_carea' id='block_1_12' title="bbox 0 0 1468 5010">
    <p class='ocr_par' dir='ltr' id='par_1_12' title="bbox 0 0 1468 5010">
     <span class='ocr_line' id='line_1_37' title="bbox 0 0 1468 5010; baseline 0 1"><span class='ocrx_word' id='word_1_169' title='bbox 0 0 1468 5010; x_wconf 95' lang='lat' dir='ltr'> </span> 
     </span>
    </p>
   </div>
  </div>
 </body>
</html>
