2922 5006
266 488 325 550 190
772 481 864 536 Plauti
1193 481 1270 546 1v‚a
1288 481 1381 534 10—80

719 669 934 754 Ergasilus

263 783 360 847 Moue
384 781 498 846 abste
521 799 646 844 moram
669 785 777 864 atque,
802 779 960 864 Ergasile‚
984 800 1044 862 age
1067 777 1152 844 hanc
1173 799 1253 842 rem.

263 889 371 955 Minor
392 888 660 971 interminorque,
682 909 723 952 ne
747 889 820 970 quis
843 890 887 962 mi
910 887 962 952 hie
984 885 1150 951 obstiterit
1172 885 1312 964 obuiam,
1336 900 1383 953 185

264 998 336 1062 Nisi
359 999 417 1080 qui
440 997 522 1062 satis
546 996 602 1060 din
624 995 746 1060 uixisse
770 1015 843 1060 sese
866 995 963 1061 homo
986 993 1217 1074 arbitrabitur3
1318 1077 1320 1082 Ι

265 1105 349 1171 Nam
372 1106 429 1188 qui
451 1103 627 1184 obstiterit,
651 1125 706 1170 ore
731 1104 792 1168 sist
814 1109 836 1167 t.

765 1211 893 1295 Hegio

851 1318 913 1384 Hic
935 1317 1032 1384 homo
1056 1319 1241 1402 pugilatum
1262 1319 1385 1401 incipit.

720 1427 935 1510 Ergasilus

242 1535 387 1600 ·Facere
411 1538 576 1600 certumst.
629 1534 769 1601 Proinde
792 1537 841 1600 ita
863 1555 975 1600 omnes
998 1535 1120 1600 itinera
1141 1536 1299 1601 insistant
1320 1555 1388 1614 sua,

266 1643 295 1706 N
298 1663 315 1707 6
338 1643 410 1725 quis
432 1643 466 1706 in
488 1641 573 1707 hanc
595 1642 739 1726 plateam
761 1643 873 1726 negoti
896 1642 1044 1709 conferat
1067 1642 1249 1727 quidquam
1271 1644 1330 1708 sui.

266 1749 350 1814 Nam
372 1772 463 1816 meus
482 1755 533 1814 est
551 1749 684 1815 ballista
703 1771 840 1834 pugnus,
864 1751 996 1817 cubitus
1014 1752 1215 1836 catapultast
1232 1751 1321 1831 mihi,
1338 1767 1390 1820 ⁷90

266 1857 428 1923 Humerus
440 1859 545 1939 aries3
567 1863 638 1922 tum
655 1878 740 1941 genu
757 1865 966 1943 utquomque
978 1861 1082 1938 icero,
1098 1859 1139 1924 ad
1151 1858 1388 1938 terramdabo;

266 1965 455 2050 Dentilegos
478 1967 584 2031 omnis
607 1966 756 2032 mortalis
778 1967 906 2047 faciam,
931 1987 1091 2052 quemque
1114 1966 1289 2032 offendero.

768 2075 898 2158 Hegio

267 2183 357 2261 Quae
379 2181 475 2248 illaec
497 2187 550 2248 est
572 2183 727 2248 minatio?
750 2203 827 2250 nam
849 2204 976 2267 nequeo
999 2183 1113 2246 mirari
1136 2182 1228 2247 satis.

724 2290 937 2374 Ergasilus

266 2397 408 2477 Faciam,
433 2402 469 2462 ut
491 2396 586 2462 huius
610 2397 675 2462 diei
696 2398 824 2481 locique
846 2399 975 2483 meique
999 2419 1128 2482 semper
1150 2397 1341 2463 meminerit.

270 2504 334 2582 Qui
352 2504 432 2571 mihi
448 2506 483 2570 in
502 2526 600 2570 cursu
617 2505 792 2586 obstiterit,
809 2505 885 2572 fauo
902 2507 992 2572 uitae
1009 2507 1038 2571 is
1055 2506 1221 2572 obstiterit
1234 2524 1322 2570 suae.
1339 2519 1386 2572 795

768 2613 895 2698 Hegio

270 2721 355 2800 Quid
377 2721 430 2788 hic
452 2721 549 2811 homo
573 2727 703 2788 tautum
725 2721 886 2806 incipissit
914 2722 1023 2788 iacere
1052 2743 1125 2787 cum
1152 2723 1253 2786 tantis
1276 2717 1384 2784 minis?

726 2829 937 2914 Ergasilus

268 2935 363 3002 Prius
387 2936 490 3018 edice,
512 2959 553 3004 ne
577 2939 651 3022 quis
674 2943 810 3022 propter
834 2939 963 3023 culpam
986 2937 1136 3022 capiatur
1157 2957 1267 3002 suam:

269 3043 442 3111 Continete
464 3066 524 3112 uos
548 3046 645 3125 domi,
668 3046 841 3130 prohibete
865 3069 884 3113 a
906 3045 1000 3112 uobis
1023 3046 1089 3110 uim
1113 3065 1228 3109 meam.

769 3153 894 3237 Hegio

267 3261 353 3326 Mira
374 3260 491 3346 edepol
514 3268 599 3342 sunt,
629 3263 663 3327 ni
685 3261 739 3326 hic
761 3263 795 3326 in
818 3270 969 3328 uentrem
992 3261 1130 3345 sumpsit
1152 3257 1380 3323 confidentiam.

266 3369 338 3436 Uae
361 3370 478 3436 misero
501 3368 558 3450 illi,
582 3371 696 3453 quoius
721 3369 793 3435 cibo
817 3372 877 3434 iste
893 3369 1024 3436 ·faetust
1044 3367 1247 3453 imperiosior.
1338 3377 1383 3432 eoo

719 3477 941 3561 Ergasilus

267 3585 351 3650 Tum
374 3585 514 3668 pistores
539 3584 737 3670 scrofipasci‚
761 3587 818 3668 qui
840 3585 932 3651 alunt
954 3583 1072 3650 furfuri
1095 3603 1179 3662 sues,

268 3692 415 3770 Quarum
438 3691 538 3758 odore
561 3695 741 3777 praeterire
764 3714 859 3758 nemo
882 3693 1060 3778 pistrinum
1081 3695 1202 3776 potest,

265 3802 391 3867 Eorum
414 3803 442 3866 si
464 3802 683 3886 quoiusquam
706 3801 847 3866 scrofam
869 3799 903 3865 in
926 3799 1058 3884 publico
1083 3817 1292 3882 conspexero,

266 3909 316 3974 Ex
338 3910 419 3994 ipsis
441 3909 580 3975 dominis
603 3910 683 3974 meis
704 3911 821 3994 pugnis
845 3908 1021 3975 exculcabo
1044 3905 1196 3972 furfures

280 4089 504 4098 -—-—----

336 4187 387 4240 '785
404 4185 520 4240 Emiuor
575 4186 645 4240 mihi
663 4185 805 4242 obstiterit
858 4188 909 4241 '786
927 4185 988 4255 quis
1042 4185 1093 4238 788
1110 4182 1230 4253 proinde
1246 4186 1277 4237 nt
1293 4189 1377 4272 omne!

266 4273 317 4326 '789
335 4271 387 4325 hac
404 4270 498 4340 platea
555 4272 604 4324 791
624 4273 659 4326 cd
678 4289 816 4341 quemque
834 4271 927 4326 iecero
980 4273 1031 4324 793
1050 4269 1211 4325 eminatiost
1260 4268 1307 4322 794
1324 4274 1376 4315 01³⁸

266 4357 318 4410 795
336 4357 359 4410 is
377 4355 516 4426 extemplo
536 4355 678 4410 obstiterit
729 4359 777 4411 801
796 4355 903 4412 furfure
