2922 5006
252 553 314 612 278
736 543 886 598 Aulularia.

252 746 312 816 est,
347 741 398 800 sed
427 741 513 818 plura
541 745 671 814 rostant;
706 761 772 800 nam
802 743 901 817 inepte
930 737 1039 796 dicitur
1066 737 1114 796 hic
1136 758 1275 814 quoque,
1309 740 1373 814 quic
1447 729 1448 738 ἶ

250 846 278 904 si
300 845 360 904 Lar
381 844 525 904 honorem
554 864 612 904 non
639 845 795 918 tribuerit,
829 848 965 902 mortuus
994 861 1073 916 ease,
1108 844 1194 919 quasi
1222 841 1314 902 Laris
1338 845 1374 900 eit

249 953 374 1008 mortem
396 953 428 1006 et
448 950 539 1006 vitam
561 947 693 1008 tribuere
721 953 767 1022 et,
798 949 849 1024 qui
869 945 978 1006 Larem
1000 947 1048 1023 pis
1070 945 1188 1019 colant,
1211 965 1373 1023 numquam

250 1056 376 1110 mortem
399 1050 515 1110 obeant.
573 1051 629 1124 Qui
652 1057 807 1110 enarrant:
845 1071 932 1125 „nam
955 1051 981 1109 ie
1003 1068 1121 1126 quoque
1143 1049 1176 1107 in
1198 1051 1325 1108 miserie
1346 1055 1374 1108 et

248 1157 426 1232 paupertate
448 1158 585 1214 mortuus
608 1152 683 1228 est“,
706 1156 800 1232 magia
822 1154 895 1232 quid
917 1155 976 1231 ipsi
997 1153 1110 1226 velint,
1133 1171 1222 1228 quam
1247 1152 1323 1229 quid
1344 1171 1373 1210 re

248 1275 320 1314 vera
341 1256 486 1332 scriptum
507 1259 555 1330 eit,
579 1263 724 1334 spectant
765 1257 862 1329 Quare
884 1277 945 1317 non
969 1255 1083 1328 dubito,
1109 1256 1182 1333 quin
1203 1255 1253 1313 hic
1272 1275 1373 1315 versus
1448 1249 1449 1276 ¹

248 1365 300 1418 aut
311 1362 431 1438 spurius
443 1362 489 1433 ait,
510 1365 563 1418 aut
578 1363 717 1435 graviore
734 1361 836 1437 aliqua
846 1360 965 1420 laboret
976 1358 1155 1438 corruptela.
1189 1357 1225 1416 In
1237 1359 1373 1436 proximo

247 1481 335 1520 versu
364 1462 479 1522 Nonius
506 1483 536 1541 p.
568 1465 627 1522 375
660 1460 742 1537 „bie“
773 1481 828 1540 pro
859 1460 920 1538 „is“
951 1462 1050 1522 habet.
1105 1460 1252 1520 Maiorem
1281 1462 1372 1521 offen·

247 1565 361 1624 sionem
390 1565 480 1626 babet
504 1573 674 1644 anapestus
695 1569 843 1645 pessimae
869 1566 917 1640 „la
939 1587 975 1626 ex
997 1585 1029 1625 se
1051 1562 1160 1638 hunc“,
1192 1585 1226 1624 ac
1249 1563 1373 1626 (luietua

250 1667 371 1744 quidem
396 1689 453 1741 ,ex
474 1667 523 1728 se“
550 1669 679 1730 delebat.
723 1671 781 1744 Qui
803 1671 925 1730 fortiter
947 1670 1097 1744 corrigere
1119 1667 1207 1741 velit,
1237 1669 1283 1726 sic
1306 1671 1373 1727 scri-

248 1767 321 1828 bere
343 1775 454 1848 possit:
491 1772 540 1848 „Ie
567 1779 602 1832 ut
630 1773 707 1832 obiit
729 1773 822 1846 diem,
850 1771 950 1832 Exeo
972 1772 1050 1832 buno
1072 1767 1234 1848 reliquit“;
1258 1767 1370 1847 „obiit‘
1449 1793 1450 1850 J

248 1891 304 1950 pro
327 1873 425 1932 iambo
447 1874 506 1951 legi
529 1879 644 1952 potest,
672 1876 733 1936 vid.
756 1875 794 1935 ad
816 1876 899 1936 Asin.
924 1874 995 1936 735.
1026 1905 1068 1916 -
1098 1875 1137 1934 24
1161 1893 1205 1952 sq.
1230 1874 1302 1936 lure
1324 1875 1374 1936 aad

248 1969 407 2036 ciac...
432 1992 572 2038 cororme.
622 1977 666 2038 Cf.
691 1981 761 2038 377.
792 1977 1030 2052 Hor.0d.111,
1066 1979 1120 2050 23,
1156 1979 1190 2036 3:
1234 1977 1373 2053 „Siture

247 2077 378 2154 placeris
408 2087 439 2138 et
465 2081 560 2142 horna
589 2082 688 2160 Fruge
715 2081 807 2142 Lares
836 2083 982 2160 avidaque
1010 2077 1131 2158 porca“.
1183 2081 1251 2142 Tib.
1274 2083 1298 2158 1,
1326 2086 1371 2157 10,

250 2181 306 2240 21:
344 2182 416 2254 ,His
438 2185 571 2260 placatus
595 2191 674 2259 erat,
703 2205 756 2244 seu
778 2187 845 2263 quis
867 2186 1016 2246 libaverat
1037 2203 1142 2258 uvam,
1166 2184 1226 2244 Seu
1249 2187 1374 2246 dederat

248 2291 358 2344 sancta
381 2287 483 2364 spicea
504 2293 587 2348 serta
608 2287 729 2348 oomae“.
764 2288 829 2350 Cat.
848 2289 882 2348 lt.
901 2289 937 2348 R.
959 2287 1035 2348 143:
1062 2287 1235 2363 „Kalendia
1259 2289 1371 2362 Idibus,
1450 2361 1451 2372 χ

248 2389 356 2462 Nonis,
391 2391 485 2451 festus
513 2393 577 2452 dies
605 2412 694 2468 quom
722 2393 795 2466 erit,
829 2411 968 2452 coronam
997 2393 1029 2450 iu
1057 2392 1155 2450 locum
1183 2392 1285 2467 indat,
1321 2413 1373 2470 per

248 2491 428 2570 eosdemque
450 2495 513 2554 dies
535 2495 607 2555 Lari
628 2497 768 2556 familiari
789 2515 844 2574 pro
868 2497 954 2572 copia
981 2492 1162 2573 supplicet‘.
1214 2495 1372 2556 Donaticas

249 2595 394 2656 eiusmodi
416 2617 540 2656 coronas
557 2599 664 2677 capitis
680 2599 801 2658 modum
819 2600 978 2658 excessisse
995 2603 1128 2658 testatur
1146 2597 1229 2657 Festi
1241 2598 1372 2678 Epitcm.

247 2717 277 2774 p.
303 2700 352 2758 69.
375 2729 419 2740 -
441 2703 490 2760 27.
520 2701 606 2762 Hunc
633 2721 752 2762 versiam
780 2721 872 2780 quum
893 2701 1010 2760 Deenik
1036 2701 1067 2759 in
1095 2702 1294 2778 suspicionem
1323 2723 1373 2762 vo·

249 2807 352 2875 cesset,
376 2803 513 2881 Wagner.
537 2805 656 2864 omnino
679 2806 809 2865 sustulit.
863 2805 992 2877 Iniuria;
1021 2804 1093 2881 quid
1116 2806 1192 2864 enim
1217 2805 1299 2864 eliud
1322 2806 1373 2864 ob·
1451 2885 1452 2888 Ἴ

249 2904 361 2978 stabat,
391 2927 450 2984 quo
472 2909 569 2966 minus
592 2907 757 2984 Lyconides
778 2909 923 2986 puellam,
953 2927 1042 2986 quam
1065 2887 1193 2980 amabat,
1219 2909 1373 2968 confestim
1451 2909 1452 2912 ’

247 3027 368 3068 uxorem
391 3008 527 3084 duceret,
562 3031 651 3089 quam
679 3013 745 3088 ipsa
771 3006 955 3089 paupertas?
987 3017 1039 3070 aut
1066 3010 1139 3088 quid
1167 3012 1200 3070 in
1221 3011 1373 3072 Euclionis

247 3117 426 3188 paupertate
458 3113 614 3174 molestius
649 3121 729 3188 erat,
769 3135 857 3194 quem
897 3115 976 3191 quod
1008 3113 1099 3174 filiam
1133 3115 1282 3175 collocare
1313 3135 1373 3174 uon

246 3219 381 3291 poterat,
415 3222 451 3275 ut
472 3218 536 3296 ipse
564 3220 606 3278 ait
627 3239 655 3279 v.
682 3213 764 3278 184?
809 3218 892 3290 Quod
922 3222 1021 3276 autem
1044 3218 1148 3278 dicunt
1170 3217 1292 3292 Larem,
1326 3227 1373 3277 ut·

247 3324 316 3397 pote
340 3319 436 3394 deum,
466 3325 541 3380 scire
564 3323 717 3396 debuisse,
746 3322 887 3381 thesauro
917 3327 1038 3399 reperto
1061 3321 1099 3380 ad
1127 3321 1202 3379 hanc
1231 3341 1292 3380 rem
1314 3341 1373 3380 nou

247 3442 322 3498 opus
338 3423 413 3496 fore,
437 3429 468 3482 st
489 3427 680 3503 antiquorum
696 3426 868 3503 religionem
886 3445 991 3502 porum
1009 3423 1191 3498 intelligunt,
1215 3445 1270 3483 nec
1286 3443 1372 3501 repu-

247 3532 313 3584 tant
336 3531 428 3586 cieoto
451 3527 506 3588 hoc
534 3548 623 3587 versu
650 3548 769 3587 manere
796 3527 1003 3588 difficultatem
1011 3548 1019 3601 ,·
1048 3529 1073 3586 si
1101 3527 1222 3606 quidem
1249 3527 1372 3600 ,Nam“,

248 3629 329 3707 quod
351 3632 496 3708 sequitur,
525 3631 649 3690 eandem
672 3632 786 3691 indicat
808 3634 964 3692 rationem.
987 3661 1029 3672 -—
1054 3634 1103 3691 30.
1133 3646 1233 3707 aeque
1261 3631 1371 3700 autem,

247 3734 284 3792 cf.
307 3733 426 3793 Lucret.
449 3733 472 3807 Ι,
498 3736 568 3794 857.
591 3734 645 3808 ΙΠ,
670 3738 741 3795 661.
771 3735 822 3809 lv,
848 3739 917 3795 152.
949 3735 998 3809 VI,
1025 3735 1094 3794 103.
1123 3733 1182 3792 Cic.
1206 3734 1245 3792 ad
1267 3733 1370 3792 Famil.

246 3835 282 3910 V,
309 3839 356 3912 12,
381 3839 409 3897 6.
437 3843 485 3912 ,st
505 3835 626 3896 sutem“
651 3839 717 3900 Mil.
739 3841 829 3914 1142,
852 3839 905 3900 ubi
926 3839 986 3898 vid.
1009 3862 1052 3878 *-
1075 3839 1125 3898 31.
1150 3834 1188 3900 dc
1205 3851 1369 3914 prostrato,

247 3961 283 3999 ex
305 3943 422 4014 vicinia,
445 3943 569 4014 vicinus,
593 3943 629 4002 cs.
651 3943 719 4004 164.
744 3945 815 4004 282.
838 3973 881 3984 --
905 3945 954 4002 35.
977 3936 1014 4002 Is
1036 3941 1169 4000 abundat
1184 3945 1256 4018 post
1274 3935 1369 4012 ,hic“‚

246 4046 306 4104 vid.
331 4046 370 4105 ad
391 4047 474 4104 Asin.
500 4046 570 4106 523.
599 4075 643 4086 -
671 4047 720 4106 36.
755 4040 878 4107 Cereris
906 4049 965 4104 iam
992 4049 1024 4104 in
1046 4045 1070 4102 B
1094 4044 1297 4114 emendatum,
1333 4042 1369 4100 ol.

247 4152 319 4209 788.
364 4149 508 4225 Myetsria
530 4149 747 4226 intelliguntur,
782 4149 909 4208 fortasse
939 4151 1005 4226 ipsa
1032 4148 1197 4220 Eleusinia,
1228 4145 1285 4204 vid.
1308 4145 1369 4204 Cio

247 4252 284 4310 de
301 4251 431 4330 Legibus
449 4253 487 4327 II,
511 4254 563 4330 qui
581 4271 671 4329 quum
691 4255 718 4324 9,
743 4255 780 4311 21
801 4254 1005 4330 precepisset:
1032 4256 1197 4325 ,nocturna
1214 4249 1370 4309 mulierum

246 4354 392 4415 sacrificia
423 4376 461 4415 ne
494 4353 613 4430 eunto“,
646 4375 716 4416 mox
747 4357 800 4429 14,
837 4357 875 4415 35
907 4355 1004 4431 „Quid
1032 4352 1123 4430 ergo“
1155 4356 1254 4433 iuquit
1282 4355 1371 4425 ,aget

245 4455 368 4516 Iacchus
385 4459 631 4537 Eumolpidaeque
650 4461 791 4518 vostrist
812 4463 939 4533 augusta
955 4459 1008 4517 illa
1027 4441 1179 4535 mysteria,
1203 4461 1226 4516 ei
1249 4453 1365 4533 quidem
