2932 5010
242 503 303 565 328
723 499 877 554 Aulularia.

237 695 353 767 mittat,
383 699 483 752 tamen
510 710 673 771 numquam
707 695 780 754 satis
807 694 905 754 luam
932 695 970 753 iis
998 693 1110 766 videri,
1144 713 1204 754 non
1225 690 1361 768 modom,

238 795 290 855 sed
314 795 468 856 libidinem
493 814 594 854 eorum
616 795 665 854 lex
686 796 813 856 dicenda
835 802 900 856 erat
928 811 1038 872 capere
1065 815 1125 856 nou
1151 817 1255 876 poss03
1287 799 1361 875 logis

237 903 316 957 esset
347 897 484 971 „modum
507 895 656 956 statuar&
687 899 855 975 cupiditati.
910 899 1010 958 Etiom
1031 900 1120 960 sutor
1148 899 1273 958 dubium
1305 905 1360 974 est,

237 1005 268 1060 in
298 1020 356 1076 qua
384 1002 532 1077 scripturo
553 998 580 1058 D
603 1005 634 1059 et
655 1001 670 1059 Ι
692 1021 757 1060 oum
779 1001 803 1060 B
827 1003 1029 1074 eonsentiunt,
1052 1022 1106 1061 nso
1128 1007 1231 1062 tamen
1254 1004 1359 1075 verius,

237 1101 316 1179 quod
345 1103 461 1178 antiqui
483 1101 550 1160 edd.
575 1107 605 1161 et
627 1102 808 1162 deteriorum
837 1102 970 1163 oodioum
992 1104 1108 1164 librarii
1130 1106 1360 1177 substituerunt,

240 1201 371 1278 ,tutor“,
396 1205 537 1282 quoniam
559 1225 620 1264 non
637 1205 675 1262 de
692 1206 773 1264 orbis
790 1212 843 1266 aut
860 1207 984 1284 pupillis
1009 1227 1104 1266 sermo
1121 1215 1175 1280 est,
1199 1213 1263 1279 aut,
1281 1207 1361 1283 quod

236 1307 361 1366 Wolfius
383 1310 550 1385 proposuit,
588 1303 735 1386 ,pudor“.
785 1307 891 1368 Sensui
925 1312 1111 1368 conveniret:
1155 1309 1280 1385 „Neque
1312 1309 1362 1368 lex

236 1428 331 1486 noque
351 1429 456 1468 osnsor
472 1409 568 1468 lacere
586 1415 631 1468 est
642 1413 693 1487 qui
704 1414 803 1486 possit
814 1409 966 1471 modum“.
1002 1403 1118 1484 Sertori,
1137 1414 1163 1469 si
1181 1409 1361 1470 horrorum

236 1517 290 1584 est,
312 1531 371 1570 non
390 1512 437 1570 lex
455 1511 507 1570 sed
519 1531 572 1570 rex
589 1515 701 1590 opponi
720 1511 833 1571 debuit.
845 1541 888 1554 -
903 1516 975 1573 481.
994 1511 1049 1590 qui
1061 1510 1151 1587 dicat,
1172 1515 1192 1574 i.
1205 1535 1231 1573 e.
1252 1515 1362 1592 siquis

236 1613 323 1686 diost,
348 1614 383 1674 oi.
402 1614 507 1673 Baooh.
527 1616 586 1674 988
606 1635 650 1692 sq.
685 1615 777 1674 Poen.
797 1617 875 1675 stt:
902 1617 972 1692 „qui
994 1635 1060 1688 eunt
1078 1618 1167 1689 norit,
1192 1618 1253 1674 cito
1271 1616 1361 1676 horno

236 1717 370 1792 peruorti
388 1713 517 1794 potest“.
530 1745 572 1756 —
591 1719 652 1776 482
671 1737 727 1776 em.
740 1717 786 1776 sd.
798 1737 843 1793 pr.
856 1745 898 1757 ·-
908 1714 1047 1793 portitor,
1066 1719 1085 1778 i.
1099 1739 1123 1776 e.
1136 1719 1291 1789 statuitur,
1310 1718 1360 1776 lex

234 1817 364 1877 iubetur.
378 1848 415 1858 -
435 1819 507 1878 483.
532 1813 655 1878 labeant
671 1819 705 1877 B.
723 1839 801 1878 man.
820 1839 876 1896 pr,
901 1819 952 1878 sed
974 1819 1044 1878 inde
1066 1839 1174 1878 rasura
1199 1816 1359 1893 „iubeant¹‘

234 1919 346 1978 factum
370 1925 424 1993 est,
449 1921 529 1998 quod
553 1927 666 1980 ceteros
688 1921 775 1980 oodd.
795 1924 915 1982 invasit.
960 1925 1098 1998 Apparet
1119 1927 1172 1980 aut
1195 1942 1261 1981 oum
1285 1924 1362 1981 anti-

236 2022 391 2100 quioribus
422 2021 559 2096 ,lubeat“
585 2023 774 2082 scribendum
802 2043 880 2096 esse,
912 2029 1051 2083 autenm
1075 2023 1160 2084 oodd.
1188 2021 1360 2097 ,lubeant“.

233 2123 403 2184 Priscianus
433 2126 553 2202 quidem
575 2125 633 2199 xl,
659 2129 690 2199 5,
714 2145 744 2203 p.
770 2123 827 2184 561
853 2125 891 2186 Η.
918 2122 1060 2200 „lubens“
1085 2125 1186 2198 affort,
1221 2126 1258 2185 ci.
1281 2126 1362 2186 inira
1457 2171 1458 2224 q

234 2229 306 2286 488.
330 2227 367 2286 al.
417 2225 574 2300 ,iubeant“
606 2233 651 2286 est
680 2232 770 2287 etiam
793 2231 825 2287 in
847 2229 873 2287 A
896 2229 977 2287 Trin.
1003 2229 1061 2287 211
1089 2225 1238 2301 (Studern.
1257 2229 1358 2288 Herm.
1456 2227 1458 2300 l

233 2328 257 2400 1,
283 2323 367 2404 304),
395 2349 458 2400 „ms
480 2325 618 2388 lubente“
644 2329 734 2390 Stich.
758 2333 830 2390 474.
865 2330 984 2390 Trnoul.
1010 2331 1085 2402 360,
1108 2329 1239 2407 indeque
1261 2350 1359 2390 emen·
1456 2305 1458 2396 i

234 2429 325 2489 dondi
354 2430 439 2491 Curo.
464 2432 534 2492 663.
580 2433 658 2490 Men.
684 2435 755 2504 289,
784 2433 836 2492 ubi
859 2433 945 2493 codd.
972 2427 1143 2504 ,iubente“.
1188 2432 1254 2492 Ges.
1282 2436 1357 2492 815:
1456 2405 1458 2508 i

237 2531 383 2608 „pudeo“.
407 2561 449 2573 -
472 2535 544 2592 484.
567 2530 596 2592 si
616 2531 665 2596 iio
688 2535 774 2595 codd.
798 2555 864 2595 oum
886 2535 986 2608 hiatu,
1009 2534 1046 2594 oi.
1070 2533 1161 2592 Proll.
1186 2553 1216 2611 p.
1243 2537 1304 2594 220
1327 2541 1358 2594 et
1456 2511 1457 2536 i

233 2635 311 2706 223;
335 2633 403 2693 odd.
426 2635 579 2712 plerique:
607 2639 669 2711 „ita
691 2635 747 2696 si“.
771 2667 811 2678 -
835 2641 906 2698 483.
930 2637 990 2696 Pro
1013 2636 1097 2708 doto,
1121 2638 1237 2714 inquit,
1261 2657 1357 2696 mores

231 2735 288 2794 sibi
310 2741 419 2812 parent
441 2757 539 2798 seeum
558 2739 698 2800 ferendos
716 2742 852 2800 meliores
875 2759 963 2817 quam
986 2759 1064 2798 nuno
1086 2738 1195 2798 ferunt.
1218 2769 1262 2780 -
1285 2741 1355 2800 488.

230 2831 342 2913 faxim,
365 2857 393 2898 v.
416 2840 524 2918 Amph.
550 2845 620 2902 507.
643 2873 686 2883 -·
708 2839 811 2903 Molis
832 2841 982 2902 malebant
1004 2861 1094 2919 quam
1117 2843 1202 2918 equis
1225 2845 1281 2916 uti,
1306 2843 1356 2920 qui

231 2939 403 2999 deliciarum
421 2961 509 3001 oausa
526 2943 668 3004 vehiculis
687 2945 889 3019 gestabantur,
913 2947 1039 3002 monime
1057 2945 1207 3016 mulieres,
1232 2946 1270 3004 of.
1285 2946 1355 3005 493.

230 3042 361 3103 Martial.
383 3043 442 3117 111,
474 3045 529 3104 62:
572 3047 690 3118 ,Aurea
719 3047 799 3123 quod
827 3047 912 3106 fundi
939 3049 1038 3125 pretio
1067 3065 1190 3106 oarruoa
1218 3053 1354 3125 paratur,

232 3145 312 3222 quod
334 3146 430 3223 pluris
453 3147 533 3206 mule
556 3154 601 3207 est
624 3169 712 3226 quam
735 3148 838 3208 domus
861 3156 962 3227 empta
980 3147 1066 3209 tibi“.
1100 3150 1203 3208 Iuvsn.
1223 3153 1253 3222 7,
1281 3152 1354 3210 181:

234 3247 307 3321 „Hie
341 3245 386 3321 (in
414 3247 545 3325 porticu)
579 3253 681 3328 potius
714 3248 817 3328 (qnam
850 3251 906 3310 sub
934 3251 1003 3311 divo
1031 3257 1165 3327 gestatur
1194 3247 1353 3328 dominus),

229 3369 358 3426 namque
392 3351 440 3410 hio
473 3351 590 3411 munda
623 3354 701 3411 nitet
729 3355 841 3430 ungula
868 3352 985 3413 rnulae“.
1013 3383 1057 3396 -
1084 3355 1156 3412 487.
1198 3349 1356 3416 (ἰαπίίιεῐίἰ

231 3457 301 3508 sunt
323 3454 392 3528 equi
414 3455 546 3526 castrati,
569 3473 597 3512 v.
621 3453 706 3514 Varr.
729 3454 765 3514 R.
789 3455 824 3514 R.
848 3455 886 3529 11,
912 3459 929 3515 7
954 3461 1029 3516 extr.
1053 3455 1133 3515 Fest.
1157 3475 1187 3532 p.
1209 3459 1261 3517 46.
1296 3457 1353 3516 Hos

229 3553 351 3612 viliores
373 3555 464 3614 fuisse
487 3557 574 3614 etiam
594 3575 630 3614 ex
647 3556 730 3635 (lept.
746 3559 806 3616 808
824 3559 1011 3633 intelligitur.
1029 3587 1072 3598 -
1090 3559 1163 3617 489.
1189 3555 1233 3618 ad
1250 3555 1353 3636 parsi·

230 3652 376 3727 moniam,
400 3675 439 3714 so.
458 3661 634 3734 speetautia.
669 3659 792 3718 Deonik.
811 3660 939 3718 contulit
956 3659 1023 3719 Ter.
1042 3661 1136 3719 Andr.
1156 3661 1234 3718 482:
1263 3679 1354 3737 „quae

230 3763 351 3832 oportet
374 3759 457 3833 signo
481 3777 544 3818 esse
563 3761 599 3819 ad
620 3759 776 3820 salutem“.
812 3761 884 3822 Caes.
904 3763 937 3821 B.
956 3763 1018 3822 civ.
1032 3762 1085 3834 ΠΙ,
1112 3764 1188 3822 101:
1215 3745 1354 3840 ,reliquis

230 3859 319 3918 robus
342 3879 408 3936 quse
430 3867 500 3918 snut
524 3862 562 3918 ad
583 3863 750 3924 incondia“.

316 3963 387 4022 492.
423 3961 508 4034 Quod
537 3963 585 4022 hio
613 3985 717 4025 versus
739 3969 771 4025 in
794 3967 879 4028 oodd.
903 3969 934 4026 in
957 3968 1032 4026 duos
1055 3967 1217 4042 dividitur,
1246 3967 1350 4027 nullius

231 4069 371 4124 momenti
402 4071 456 4124 est.
511 4057 625 4138 Eum,
659 4070 678 4126 i.
702 4089 727 4128 e.
757 4071 923 4143 enimvero,
959 4071 994 4129 ol.
1024 4069 1113 4147 Epid.
1144 4073 1215 4132 690.
1266 4069 1349 4128 illust·

233 4167 324 4226 1126.
369 4167 449 4226 Men.
482 4169 542 4227 832
578 4164 696 4240 („l⁴]nim
730 4169 883 4244 haereo“).
932 4171 997 4230 ldil.
1032 4173 1104 4230 431.
1136 4174 1228 4238 1012.
1272 4173 1346 4230 Pera

232 4267 303 4328 237.
335 4271 405 4330 320.
436 4271 507 4330 611.
562 4270 644 4331 Trin.
678 4275 768 4333 1134.
824 4273 891 4334 Ter.
915 4273 1035 4333 Phorm.
1060 4275 1132 4334 983.
1189 4273 1345 4334 Hastae.
