<?xml version="1.0" encoding="UTF-8"?>
<!DOCTYPE html PUBLIC "-//W3C//DTD XHTML 1.0 Transitional//EN"
    "http://www.w3.org/TR/xhtml1/DTD/xhtml1-transitional.dtd">
<html xmlns="http://www.w3.org/1999/xhtml" xml:lang="en" lang="en">
 <head>
  <title>
</title>
<meta http-equiv="Content-Type" content="text/html;charset=utf-8" />
  <meta name='ocr-system' content='tesseract 3.04.00' />
  <meta name='ocr-capabilities' content='ocr_page ocr_carea ocr_par ocr_line ocrx_word'/>
</head>
<body>
  <div class='ocr_page' id='page_1' title='image "./tmacciiplautico00ussigoog_0528.png"; bbox 0 0 2956 5010; ppageno 0'>
   <div class='ocr_carea' id='block_1_1' title="bbox 569 429 1228 552">
    <p class='ocr_par' dir='ltr' id='par_1_1' title="bbox 569 429 1228 552">
     <span class='ocr_line' id='line_1_1' title="bbox 569 429 1228 552; baseline 0.002 -16"><span class='ocrx_word' id='word_1_1' title='bbox 569 483 601 538; x_wconf 85' lang='lat' dir='ltr'><strong>v.</strong></span> <span class='ocrx_word' id='word_1_2' title='bbox 622 486 766 539; x_wconf 85' lang='lat' dir='ltr'><strong>sos-sn.</strong></span> <span class='ocrx_word' id='word_1_3' title='bbox 907 429 922 442; x_wconf 26' lang='grc' dir='ltr'>Ι</span> <span class='ocrx_word' id='word_1_4' title='bbox 1122 459 1125 466; x_wconf 71' lang='grc'>’</span> <span class='ocrx_word' id='word_1_5' title='bbox 1167 491 1228 552; x_wconf 80' lang='lat'><strong>509</strong></span> 
     </span>
    </p>
   </div>
   <div class='ocr_carea' id='block_1_2' title="bbox 100 674 1242 4448">
    <p class='ocr_par' dir='ltr' id='par_1_2' title="bbox 100 674 1242 4448">
     <span class='ocr_line' id='line_1_2' title="bbox 102 674 1229 758; baseline 0.001 -21"><span class='ocrx_word' id='word_1_6' title='bbox 102 679 226 738; x_wconf 88' lang='lat' dir='ltr'><strong>Brixius</strong></span> <span class='ocrx_word' id='word_1_7' title='bbox 256 680 456 758; x_wconf 82' lang='lat' dir='ltr'><strong>amplectitur.</strong></span> <span class='ocrx_word' id='word_1_8' title='bbox 486 709 527 719; x_wconf 89' lang='lat'>—</span> <span class='ocrx_word' id='word_1_9' title='bbox 556 680 626 738; x_wconf 82' lang='lat'><strong>812.</strong></span> <span class='ocrx_word' id='word_1_10' title='bbox 661 674 758 738; x_wconf 68' lang='lat' dir='ltr'><strong>laonii</strong></span> <span class='ocrx_word' id='word_1_11' title='bbox 779 679 807 739; x_wconf 92' lang='lat' dir='ltr'><strong>b.</strong></span> <span class='ocrx_word' id='word_1_12' title='bbox 832 680 851 737; x_wconf 94' lang='lat' dir='ltr'><strong>l.</strong></span> <span class='ocrx_word' id='word_1_13' title='bbox 875 701 935 739; x_wconf 89' lang='lat' dir='ltr'><strong>non</strong></span> <span class='ocrx_word' id='word_1_14' title='bbox 964 683 986 738; x_wconf 93' lang='lat' dir='ltr'><strong>ii</strong></span> <span class='ocrx_word' id='word_1_15' title='bbox 1015 681 1229 758; x_wconf 86' lang='lat' dir='ltr'><strong>significantur,</strong></span> 
     </span>
     <span class='ocr_line' id='line_1_3' title="bbox 100 781 1231 858; baseline 0.003 -20"><span class='ocrx_word' id='word_1_16' title='bbox 100 784 157 857; x_wconf 87' lang='lat' dir='ltr'><strong>qui</strong></span> <span class='ocrx_word' id='word_1_17' title='bbox 186 802 240 840; x_wconf 85' lang='lat' dir='ltr'><strong>sue</strong></span> <span class='ocrx_word' id='word_1_18' title='bbox 268 802 357 840; x_wconf 82' lang='lat' dir='ltr'><strong>manu</strong></span> <span class='ocrx_word' id='word_1_19' title='bbox 387 783 527 841; x_wconf 85' lang='lat' dir='ltr'><strong>animalia</strong></span> <span class='ocrx_word' id='word_1_20' title='bbox 556 781 686 854; x_wconf 81' lang='lat' dir='ltr'><strong>credunt,</strong></span> <span class='ocrx_word' id='word_1_21' title='bbox 721 782 772 840; x_wconf 89' lang='lat' dir='ltr'><strong>sed</strong></span> <span class='ocrx_word' id='word_1_22' title='bbox 803 785 854 858; x_wconf 90' lang='lat' dir='ltr'><strong>qui</strong></span> <span class='ocrx_word' id='word_1_23' title='bbox 883 803 997 842; x_wconf 87' lang='lat' dir='ltr'><strong>carnem</strong></span> <span class='ocrx_word' id='word_1_24' title='bbox 1032 783 1166 842; x_wconf 87' lang='lat' dir='ltr'><strong>vendunt</strong></span> <span class='ocrx_word' id='word_1_25' title='bbox 1199 785 1231 841; x_wconf 89' lang='lat' dir='ltr'><strong>in</strong></span> 
     </span>
     <span class='ocr_line' id='line_1_4' title="bbox 103 881 1230 962; baseline 0.004 -22"><span class='ocrx_word' id='word_1_26' title='bbox 103 883 242 956; x_wconf 82' lang='lat' dir='ltr'><strong>lanienis,</strong></span> <span class='ocrx_word' id='word_1_27' title='bbox 267 885 303 944; x_wconf 85' lang='lat' dir='ltr'><strong>cf.</strong></span> <span class='ocrx_word' id='word_1_28' title='bbox 323 885 439 942; x_wconf 89' lang='lat' dir='ltr'><strong>Phaedr.</strong></span> <span class='ocrx_word' id='word_1_29' title='bbox 457 885 511 957; x_wconf 91' lang='lat' dir='ltr'><strong>III,</strong></span> <span class='ocrx_word' id='word_1_30' title='bbox 530 887 558 957; x_wconf 87' lang='lat'><strong>4,</strong></span> <span class='ocrx_word' id='word_1_31' title='bbox 581 886 611 942; x_wconf 91' lang='lat' dir='ltr'><strong>l:</strong></span> <span class='ocrx_word' id='word_1_32' title='bbox 639 881 791 956; x_wconf 83' lang='lat' dir='ltr'>„Pendere</span> <span class='ocrx_word' id='word_1_33' title='bbox 815 884 851 941; x_wconf 84' lang='lat' dir='ltr'><strong>ad</strong></span> <span class='ocrx_word' id='word_1_34' title='bbox 874 885 986 944; x_wconf 84' lang='lat' dir='ltr'><strong>lanium</strong></span> <span class='ocrx_word' id='word_1_35' title='bbox 1010 885 1129 962; x_wconf 88' lang='lat' dir='ltr'><strong>quidam</strong></span> <span class='ocrx_word' id='word_1_36' title='bbox 1154 885 1230 944; x_wconf 82' lang='lat' dir='ltr'><strong>vidit</strong></span> 
     </span>
     <span class='ocr_line' id='line_1_5' title="bbox 103 984 1229 1064; baseline 0.003 -20"><span class='ocrx_word' id='word_1_37' title='bbox 103 984 254 1046; x_wconf 82' lang='lat' dir='ltr'><strong>sirniam“.</strong></span> <span class='ocrx_word' id='word_1_38' title='bbox 299 985 388 1044; x_wconf 83' lang='lat' dir='ltr'><strong>Vives</strong></span> <span class='ocrx_word' id='word_1_39' title='bbox 412 1006 490 1064; x_wconf 68' lang='lat' dir='ltr'><strong>slepe</strong></span> <span class='ocrx_word' id='word_1_40' title='bbox 513 987 648 1045; x_wconf 80' lang='lat' dir='ltr'><strong>victimas</strong></span> <span class='ocrx_word' id='word_1_41' title='bbox 671 1006 720 1043; x_wconf 90' lang='lat' dir='ltr'><strong>eos</strong></span> <span class='ocrx_word' id='word_1_42' title='bbox 743 985 912 1046; x_wconf 83' lang='lat' dir='ltr'><strong>vendidisse</strong></span> <span class='ocrx_word' id='word_1_43' title='bbox 935 989 1077 1060; x_wconf 81' lang='lat' dir='ltr'><strong>videmus,</strong></span> <span class='ocrx_word' id='word_1_44' title='bbox 1103 989 1137 1046; x_wconf 87' lang='lat' dir='ltr'><strong>cf.</strong></span> <span class='ocrx_word' id='word_1_45' title='bbox 1161 989 1229 1048; x_wconf 88' lang='lat' dir='ltr'><strong>Aul.</strong></span> 
     </span>
     <span class='ocr_line' id='line_1_6' title="bbox 105 1075 1230 1166; baseline 0.001 -19"><span class='ocrx_word' id='word_1_46' title='bbox 105 1091 184 1160; x_wconf 76' lang='lat'><strong>557,</strong></span> <span class='ocrx_word' id='word_1_47' title='bbox 213 1089 265 1146; x_wconf 88' lang='lat' dir='ltr'><strong>sed</strong></span> <span class='ocrx_word' id='word_1_48' title='bbox 294 1095 328 1148; x_wconf 92' lang='lat' dir='ltr'><strong>ut</strong></span> <span class='ocrx_word' id='word_1_49' title='bbox 351 1085 518 1149; x_wconf 74' lang='lat' dir='ltr'><strong>credendas</strong></span> <span class='ocrx_word' id='word_1_50' title='bbox 540 1095 591 1146; x_wconf 85' lang='lat' dir='ltr'><strong>aut</strong></span> <span class='ocrx_word' id='word_1_51' title='bbox 613 1089 672 1166; x_wconf 91' lang='lat' dir='ltr'><strong>ipsi</strong></span> <span class='ocrx_word' id='word_1_52' title='bbox 695 1095 835 1147; x_wconf 80' lang='lat' dir='ltr'><strong>curarent</strong></span> <span class='ocrx_word' id='word_1_53' title='bbox 858 1075 909 1147; x_wconf 78' lang='lat' dir='ltr'><strong>sut</strong></span> <span class='ocrx_word' id='word_1_54' title='bbox 932 1089 998 1148; x_wconf 86' lang='lat' dir='ltr'><strong>aliis</strong></span> <span class='ocrx_word' id='word_1_55' title='bbox 1021 1085 1164 1150; x_wconf 76' lang='lat' dir='ltr'><strong><em>locarent.</em></strong></span> <span class='ocrx_word' id='word_1_56' title='bbox 1188 1121 1230 1131; x_wconf 86' lang='lat'><em>-</em></span> 
     </span>
     <span class='ocr_line' id='line_1_7' title="bbox 102 1188 1228 1270; baseline 0.002 -20"><span class='ocrx_word' id='word_1_57' title='bbox 102 1188 307 1264; x_wconf 61' lang='lat' dir='ltr'><strong>condonaret,</strong></span> <span class='ocrx_word' id='word_1_58' title='bbox 331 1195 350 1250; x_wconf 90' lang='lat' dir='ltr'><strong>i.</strong></span> <span class='ocrx_word' id='word_1_59' title='bbox 375 1211 399 1250; x_wconf 90' lang='lat' dir='ltr'><strong>e.</strong></span> <span class='ocrx_word' id='word_1_60' title='bbox 424 1191 568 1262; x_wconf 89' lang='lat' dir='ltr'><strong>reddunt,</strong></span> <span class='ocrx_word' id='word_1_61' title='bbox 598 1211 626 1250; x_wconf 87' lang='lat' dir='ltr'><strong>v.</strong></span> <span class='ocrx_word' id='word_1_62' title='bbox 652 1193 722 1250; x_wconf 78' lang='lat'><strong>596.</strong></span> <span class='ocrx_word' id='word_1_63' title='bbox 773 1191 928 1250; x_wconf 81' lang='lat' dir='ltr'><strong>Parasitus</strong></span> <span class='ocrx_word' id='word_1_64' title='bbox 951 1214 1009 1252; x_wconf 90' lang='lat' dir='ltr'><strong>non</strong></span> <span class='ocrx_word' id='word_1_65' title='bbox 1032 1194 1061 1251; x_wconf 92' lang='lat' dir='ltr'><strong>id</strong></span> <span class='ocrx_word' id='word_1_66' title='bbox 1086 1197 1228 1270; x_wconf 89' lang='lat' dir='ltr'><strong>queritur,</strong></span> 
     </span>
     <span class='ocr_line' id='line_1_8' title="bbox 101 1295 1232 1374; baseline 0.002 -22"><span class='ocrx_word' id='word_1_67' title='bbox 101 1295 186 1371; x_wconf 91' lang='lat' dir='ltr'><strong>quod</strong></span> <span class='ocrx_word' id='word_1_68' title='bbox 211 1295 279 1370; x_wconf 84' lang='lat' dir='ltr'><strong>agni</strong></span> <span class='ocrx_word' id='word_1_69' title='bbox 302 1295 407 1353; x_wconf 86' lang='lat' dir='ltr'><strong>ovibus</strong></span> <span class='ocrx_word' id='word_1_70' title='bbox 431 1295 612 1374; x_wconf 90' lang='lat' dir='ltr'><strong>eripiuntur,</strong></span> <span class='ocrx_word' id='word_1_71' title='bbox 643 1315 708 1351; x_wconf 85' lang='lat' dir='ltr'><strong>nem</strong></span> <span class='ocrx_word' id='word_1_72' title='bbox 739 1295 836 1353; x_wconf 89' lang='lat' dir='ltr'><strong>mollis</strong></span> <span class='ocrx_word' id='word_1_73' title='bbox 859 1297 967 1370; x_wconf 79' lang='lat' dir='ltr'><strong>agnino</strong></span> <span class='ocrx_word' id='word_1_74' title='bbox 991 1299 1018 1354; x_wconf 89' lang='lat' dir='ltr'><strong>ei</strong></span> <span class='ocrx_word' id='word_1_75' title='bbox 1041 1297 1232 1356; x_wconf 87' lang='lat' dir='ltr'><strong>vehementer</strong></span> 
     </span>
     <span class='ocr_line' id='line_1_9' title="bbox 102 1395 1230 1476; baseline 0.002 -22"><span class='ocrx_word' id='word_1_76' title='bbox 102 1397 256 1473; x_wconf 77' lang='lat' dir='ltr'>placebat,</span> <span class='ocrx_word' id='word_1_77' title='bbox 288 1397 341 1454; x_wconf 90' lang='lat' dir='ltr'><strong>sed</strong></span> <span class='ocrx_word' id='word_1_78' title='bbox 372 1395 449 1472; x_wconf 92' lang='lat' dir='ltr'><strong>quod</strong></span> <span class='ocrx_word' id='word_1_79' title='bbox 478 1395 552 1453; x_wconf 81' lang='lat' dir='ltr'><strong>lanii</strong></span> <span class='ocrx_word' id='word_1_80' title='bbox 582 1403 730 1476; x_wconf 80' lang='lat' dir='ltr'><strong>emptores</strong></span> <span class='ocrx_word' id='word_1_81' title='bbox 761 1395 932 1474; x_wconf 76' lang='lat' dir='ltr'><strong>deciperent</strong></span> <span class='ocrx_word' id='word_1_82' title='bbox 956 1405 985 1455; x_wconf 89' lang='lat' dir='ltr'><strong>et</strong></span> <span class='ocrx_word' id='word_1_83' title='bbox 1009 1419 1097 1476; x_wconf 91' lang='lat' dir='ltr'><strong>quum</strong></span> <span class='ocrx_word' id='word_1_84' title='bbox 1123 1420 1230 1476; x_wconf 88' lang='lat' dir='ltr'><strong>agnum</strong></span> 
     </span>
     <span class='ocr_line' id='line_1_10' title="bbox 104 1497 1230 1574; baseline 0.004 -18"><span class='ocrx_word' id='word_1_85' title='bbox 104 1500 217 1557; x_wconf 90' lang='lat' dir='ltr'><strong>bonum</strong></span> <span class='ocrx_word' id='word_1_86' title='bbox 237 1499 442 1558; x_wconf 77' lang='lat' dir='ltr'><strong>vendidissent</strong></span> <span class='ocrx_word' id='word_1_87' title='bbox 461 1504 491 1556; x_wconf 92' lang='lat' dir='ltr'><strong>et</strong></span> <span class='ocrx_word' id='word_1_88' title='bbox 511 1497 680 1558; x_wconf 74' lang='lat' dir='ltr'><strong>cedendum</strong></span> <span class='ocrx_word' id='word_1_89' title='bbox 699 1499 854 1572; x_wconf 78' lang='lat' dir='ltr'><strong>locassent,</strong></span> <span class='ocrx_word' id='word_1_90' title='bbox 879 1502 942 1559; x_wconf 91' lang='lat' dir='ltr'><strong>eius</strong></span> <span class='ocrx_word' id='word_1_91' title='bbox 959 1501 1023 1560; x_wconf 92' lang='lat' dir='ltr'><strong>loco</strong></span> <span class='ocrx_word' id='word_1_92' title='bbox 1044 1501 1230 1574; x_wconf 84' lang='lat' dir='ltr'><strong>deteriorem,</strong></span> 
     </span>
     <span class='ocr_line' id='line_1_11' title="bbox 104 1601 1233 1680; baseline 0.004 -22"><span class='ocrx_word' id='word_1_93' title='bbox 104 1611 159 1660; x_wconf 81' lang='lat' dir='ltr'><strong>sut</strong></span> <span class='ocrx_word' id='word_1_94' title='bbox 184 1604 280 1659; x_wconf 91' lang='lat' dir='ltr'><strong>minus</strong></span> <span class='ocrx_word' id='word_1_95' title='bbox 302 1605 441 1680; x_wconf 81' lang='lat' dir='ltr'><strong>pinguem</strong></span> <span class='ocrx_word' id='word_1_96' title='bbox 470 1607 522 1660; x_wconf 87' lang='lat' dir='ltr'><strong>aut</strong></span> <span class='ocrx_word' id='word_1_97' title='bbox 552 1607 638 1662; x_wconf 82' lang='lat' dir='ltr'><strong>aetste</strong></span> <span class='ocrx_word' id='word_1_98' title='bbox 666 1604 823 1674; x_wconf 89' lang='lat' dir='ltr'><strong>maiorem,</strong></span> <span class='ocrx_word' id='word_1_99' title='bbox 855 1602 1082 1662; x_wconf 87' lang='lat' dir='ltr'><strong>substituerent.</strong></span> <span class='ocrx_word' id='word_1_100' title='bbox 1132 1601 1233 1663; x_wconf 83' lang='lat' dir='ltr'><strong>Etiam</strong></span> 
     </span>
     <span class='ocr_line' id='line_1_12' title="bbox 104 1701 1231 1784; baseline 0.004 -24"><span class='ocrx_word' id='word_1_101' title='bbox 104 1705 213 1763; x_wconf 80' lang='lat' dir='ltr'><strong>Pseud.</strong></span> <span class='ocrx_word' id='word_1_102' title='bbox 241 1707 299 1764; x_wconf 85' lang='lat'><strong>196</strong></span> <span class='ocrx_word' id='word_1_103' title='bbox 323 1705 403 1762; x_wconf 82' lang='lat' dir='ltr'><strong>fraus</strong></span> <span class='ocrx_word' id='word_1_104' title='bbox 427 1705 571 1763; x_wconf 87' lang='lat' dir='ltr'><strong>laniorum</strong></span> <span class='ocrx_word' id='word_1_105' title='bbox 595 1707 738 1778; x_wconf 79' lang='lat' dir='ltr'><strong>tangitur.</strong></span> <span class='ocrx_word' id='word_1_106' title='bbox 784 1705 843 1763; x_wconf 86' lang='lat' dir='ltr'><strong>Sed</strong></span> <span class='ocrx_word' id='word_1_107' title='bbox 865 1725 935 1763; x_wconf 88' lang='lat' dir='ltr'><strong>num</strong></span> <span class='ocrx_word' id='word_1_108' title='bbox 958 1707 1027 1784; x_wconf 84' lang='lat' dir='ltr'><strong>talis</strong></span> <span class='ocrx_word' id='word_1_109' title='bbox 1051 1726 1119 1763; x_wconf 87' lang='lat' dir='ltr'><strong>cero</strong></span> <span class='ocrx_word' id='word_1_110' title='bbox 1138 1701 1231 1781; x_wconf 75' lang='lat' dir='ltr'><strong>duplo</strong></span> 
     </span>
     <span class='ocr_line' id='line_1_13' title="bbox 103 1805 1231 1886; baseline 0 -20"><span class='ocrx_word' id='word_1_111' title='bbox 103 1805 225 1882; x_wconf 63' lang='lat' dir='ltr'><strong>nonina</strong></span> <span class='ocrx_word' id='word_1_112' title='bbox 249 1809 392 1884; x_wconf 80' lang='lat' dir='ltr'><strong>appellari</strong></span> <span class='ocrx_word' id='word_1_113' title='bbox 417 1811 522 1883; x_wconf 88' lang='lat' dir='ltr'><strong>possit,</strong></span> <span class='ocrx_word' id='word_1_114' title='bbox 547 1808 737 1865; x_wconf 86' lang='lat' dir='ltr'><strong>vehementer</strong></span> <span class='ocrx_word' id='word_1_115' title='bbox 760 1807 874 1866; x_wconf 92' lang='lat' dir='ltr'><strong>dubito.</strong></span> <span class='ocrx_word' id='word_1_116' title='bbox 914 1807 1009 1866; x_wconf 84' lang='lat' dir='ltr'><strong>Ekius</strong></span> <span class='ocrx_word' id='word_1_117' title='bbox 1028 1808 1147 1886; x_wconf 89' lang='lat' dir='ltr'><strong>quidem</strong></span> <span class='ocrx_word' id='word_1_118' title='bbox 1166 1829 1231 1866; x_wconf 88' lang='lat' dir='ltr'><strong>cum</strong></span> 
     </span>
     <span class='ocr_line' id='line_1_14' title="bbox 104 1911 1231 1988; baseline 0.002 -22"><span class='ocrx_word' id='word_1_119' title='bbox 104 1911 238 1985; x_wconf 79' lang='lat' dir='ltr'><strong>antiquis</strong></span> <span class='ocrx_word' id='word_1_120' title='bbox 261 1911 476 1987; x_wconf 89' lang='lat' dir='ltr'><strong>interpretibus</strong></span> <span class='ocrx_word' id='word_1_121' title='bbox 497 1929 612 1968; x_wconf 86' lang='lat' dir='ltr'><strong>carnem</strong></span> <span class='ocrx_word' id='word_1_122' title='bbox 638 1911 780 1988; x_wconf 86' lang='lat' dir='ltr'><strong>intelligit</strong></span> <span class='ocrx_word' id='word_1_123' title='bbox 800 1911 920 1987; x_wconf 85' lang='lat' dir='ltr'><strong>duplam</strong></span> <span class='ocrx_word' id='word_1_124' title='bbox 939 1911 1098 1968; x_wconf 75' lang='lat' dir='ltr'><strong>habentem</strong></span> <span class='ocrx_word' id='word_1_125' title='bbox 1116 1913 1231 1984; x_wconf 76' lang='lat' dir='ltr'><strong>agninae</strong></span> 
     </span>
     <span class='ocr_line' id='line_1_15' title="bbox 102 2013 1233 2091; baseline 0.001 -21"><span class='ocrx_word' id='word_1_126' title='bbox 102 2019 241 2084; x_wconf 82' lang='lat' dir='ltr'><strong>aetatem3</strong></span> <span class='ocrx_word' id='word_1_127' title='bbox 276 2013 326 2070; x_wconf 90' lang='lat' dir='ltr'><strong>sed</strong></span> <span class='ocrx_word' id='word_1_128' title='bbox 356 2013 411 2070; x_wconf 92' lang='lat' dir='ltr'><strong>hcc</strong></span> <span class='ocrx_word' id='word_1_129' title='bbox 442 2020 472 2069; x_wconf 86' lang='lat' dir='ltr'><strong>et</strong></span> <span class='ocrx_word' id='word_1_130' title='bbox 502 2013 657 2070; x_wconf 81' lang='lat' dir='ltr'><strong>obscurius</strong></span> <span class='ocrx_word' id='word_1_131' title='bbox 686 2013 798 2071; x_wconf 89' lang='lat' dir='ltr'><strong>dictum</strong></span> <span class='ocrx_word' id='word_1_132' title='bbox 829 2019 906 2070; x_wconf 90' lang='lat' dir='ltr'><strong>esset</strong></span> <span class='ocrx_word' id='word_1_133' title='bbox 933 2034 985 2070; x_wconf 91' lang='lat' dir='ltr'><strong>nec</strong></span> <span class='ocrx_word' id='word_1_134' title='bbox 1007 2015 1131 2091; x_wconf 76' lang='lat' dir='ltr'><strong>parasiti</strong></span> <span class='ocrx_word' id='word_1_135' title='bbox 1155 2020 1233 2072; x_wconf 88' lang='lat' dir='ltr'><strong>esset</strong></span> 
     </span>
     <span class='ocr_line' id='line_1_16' title="bbox 104 2115 1231 2189; baseline 0.001 -17"><span class='ocrx_word' id='word_1_136' title='bbox 104 2117 245 2189; x_wconf 79' lang='lat' dir='ltr'><strong>agninam</strong></span> <span class='ocrx_word' id='word_1_137' title='bbox 259 2115 348 2172; x_wconf 88' lang='lat' dir='ltr'><strong>talem</strong></span> <span class='ocrx_word' id='word_1_138' title='bbox 362 2136 479 2173; x_wconf 87' lang='lat' dir='ltr'><strong>carnem</strong></span> <span class='ocrx_word' id='word_1_139' title='bbox 498 2115 611 2188; x_wconf 87' lang='lat' dir='ltr'><strong>dice1·e;</strong></span> <span class='ocrx_word' id='word_1_140' title='bbox 635 2115 708 2172; x_wconf 91' lang='lat' dir='ltr'><strong>mihi</strong></span> <span class='ocrx_word' id='word_1_141' title='bbox 727 2135 811 2174; x_wconf 89' lang='lat' dir='ltr'><strong>error</strong></span> <span class='ocrx_word' id='word_1_142' title='bbox 827 2116 943 2173; x_wconf 78' lang='lat' dir='ltr'><strong>librarii</strong></span> <span class='ocrx_word' id='word_1_143' title='bbox 963 2116 1082 2174; x_wconf 86' lang='lat' dir='ltr'><strong>subesse</strong></span> <span class='ocrx_word' id='word_1_144' title='bbox 1099 2117 1231 2189; x_wconf 75' lang='lat' dir='ltr'><strong>videtur,</strong></span> 
     </span>
     <span class='ocr_line' id='line_1_17' title="bbox 105 2212 1231 2295; baseline 0 -19"><span class='ocrx_word' id='word_1_145' title='bbox 105 2212 235 2276; x_wconf 74' lang='lat' dir='ltr'><strong>(lesbiam</strong></span> <span class='ocrx_word' id='word_1_146' title='bbox 259 2219 378 2294; x_wconf 79' lang='lat' dir='ltr'><strong>scripsi,</strong></span> <span class='ocrx_word' id='word_1_147' title='bbox 403 2219 422 2276; x_wconf 90' lang='lat' dir='ltr'><strong>i.</strong></span> <span class='ocrx_word' id='word_1_148' title='bbox 447 2239 470 2276; x_wconf 91' lang='lat' dir='ltr'><strong>e.</strong></span> <span class='ocrx_word' id='word_1_149' title='bbox 495 2218 531 2274; x_wconf 88' lang='lat' dir='ltr'><strong>de</strong></span> <span class='ocrx_word' id='word_1_150' title='bbox 555 2238 613 2294; x_wconf 85' lang='lat' dir='ltr'><strong>quo</strong></span> <span class='ocrx_word' id='word_1_151' title='bbox 636 2217 798 2290; x_wconf 84' lang='lat' dir='ltr'><strong>dubitetur,</strong></span> <span class='ocrx_word' id='word_1_152' title='bbox 821 2225 921 2276; x_wconf 90' lang='lat' dir='ltr'><strong>utrum</strong></span> <span class='ocrx_word' id='word_1_153' title='bbox 945 2221 1013 2295; x_wconf 89' lang='lat' dir='ltr'><strong>agni</strong></span> <span class='ocrx_word' id='word_1_154' title='bbox 1036 2239 1073 2276; x_wconf 90' lang='lat' dir='ltr'><strong>an</strong></span> <span class='ocrx_word' id='word_1_155' title='bbox 1096 2222 1159 2276; x_wconf 89' lang='lat' dir='ltr'><strong>ovis</strong></span> <span class='ocrx_word' id='word_1_156' title='bbox 1182 2221 1231 2292; x_wconf 89' lang='lat' dir='ltr'><strong>eit,</strong></span> 
     </span>
     <span class='ocr_line' id='line_1_18' title="bbox 104 2315 1230 2400; baseline 0 -23"><span class='ocrx_word' id='word_1_157' title='bbox 104 2321 142 2378; x_wconf 85' lang='lat' dir='ltr'><strong>cf.</strong></span> <span class='ocrx_word' id='word_1_158' title='bbox 178 2340 269 2392; x_wconf 86' lang='lat' dir='ltr'><strong>,cena</strong></span> <span class='ocrx_word' id='word_1_159' title='bbox 304 2319 411 2379; x_wconf 81' lang='lat' dir='ltr'><strong>dubie“</strong></span> <span class='ocrx_word' id='word_1_160' title='bbox 449 2321 516 2379; x_wconf 89' lang='lat' dir='ltr'><strong>Ter.</strong></span> <span class='ocrx_word' id='word_1_161' title='bbox 546 2319 666 2378; x_wconf 90' lang='lat' dir='ltr'><strong>Phorm.</strong></span> <span class='ocrx_word' id='word_1_162' title='bbox 700 2322 775 2393; x_wconf 78' lang='lat'><strong>342,</strong></span> <span class='ocrx_word' id='word_1_163' title='bbox 810 2319 877 2380; x_wconf 86' lang='lat' dir='ltr'><strong>alia.</strong></span> <span class='ocrx_word' id='word_1_164' title='bbox 941 2321 1065 2378; x_wconf 90' lang='lat' dir='ltr'><strong>Bothius</strong></span> <span class='ocrx_word' id='word_1_165' title='bbox 1102 2315 1230 2400; x_wconf 89' lang='lat' dir='ltr'><strong>„duplo“</strong></span> 
     </span>
     <span class='ocr_line' id='line_1_19' title="bbox 102 2421 1234 2502; baseline 0.003 -23"><span class='ocrx_word' id='word_1_166' title='bbox 102 2423 240 2500; x_wconf 89' lang='lat' dir='ltr'><strong>scripsit,</strong></span> <span class='ocrx_word' id='word_1_167' title='bbox 276 2421 396 2481; x_wconf 84' lang='lat' dir='ltr'><strong>Bestius</strong></span> <span class='ocrx_word' id='word_1_168' title='bbox 432 2423 539 2500; x_wconf 92' lang='lat' dir='ltr'><strong>Opusc.</strong></span> <span class='ocrx_word' id='word_1_169' title='bbox 571 2423 598 2495; x_wconf 93' lang='lat'><strong>1,</strong></span> <span class='ocrx_word' id='word_1_170' title='bbox 628 2443 658 2500; x_wconf 91' lang='lat' dir='ltr'><strong>p.</strong></span> <span class='ocrx_word' id='word_1_171' title='bbox 688 2424 725 2480; x_wconf 88' lang='grc'><strong>41</strong></span> <span class='ocrx_word' id='word_1_172' title='bbox 762 2421 901 2502; x_wconf 76' lang='lat' dir='ltr'><strong>„duplo“,</strong></span> <span class='ocrx_word' id='word_1_173' title='bbox 938 2443 1063 2501; x_wconf 88' lang='lat' dir='ltr'><strong>eumque</strong></span> <span class='ocrx_word' id='word_1_174' title='bbox 1096 2425 1234 2502; x_wconf 89' lang='lat' dir='ltr'><strong>plerique</strong></span> 
     </span>
     <span class='ocr_line' id='line_1_20' title="bbox 103 2523 1233 2603; baseline 0.001 -20"><span class='ocrx_word' id='word_1_175' title='bbox 103 2527 202 2583; x_wconf 87' lang='lat' dir='ltr'><strong>secuti</strong></span> <span class='ocrx_word' id='word_1_176' title='bbox 225 2533 301 2598; x_wconf 86' lang='lat' dir='ltr'><strong>sunt,</strong></span> <span class='ocrx_word' id='word_1_177' title='bbox 325 2527 381 2585; x_wconf 91' lang='lat' dir='ltr'><strong>hoc</strong></span> <span class='ocrx_word' id='word_1_178' title='bbox 403 2533 501 2584; x_wconf 86' lang='lat' dir='ltr'><strong>autem</strong></span> <span class='ocrx_word' id='word_1_179' title='bbox 528 2526 637 2603; x_wconf 86' lang='lat' dir='ltr'><strong>,duplo</strong></span> <span class='ocrx_word' id='word_1_180' title='bbox 660 2523 776 2603; x_wconf 86' lang='lat' dir='ltr'><strong>pretio“</strong></span> <span class='ocrx_word' id='word_1_181' title='bbox 803 2523 971 2600; x_wconf 88' lang='lat' dir='ltr'><strong>significare</strong></span> <span class='ocrx_word' id='word_1_182' title='bbox 994 2527 1106 2600; x_wconf 88' lang='lat' dir='ltr'><strong>volunt,</strong></span> <span class='ocrx_word' id='word_1_183' title='bbox 1130 2533 1163 2584; x_wconf 90' lang='lat' dir='ltr'><strong>ut</strong></span> <span class='ocrx_word' id='word_1_184' title='bbox 1185 2528 1233 2584; x_wconf 93' lang='lat' dir='ltr'><strong>hic</strong></span> 
     </span>
     <span class='ocr_line' id='line_1_21' title="bbox 105 2628 1233 2705; baseline 0.004 -21"><span class='ocrx_word' id='word_1_185' title='bbox 105 2631 147 2685; x_wconf 87' lang='lat' dir='ltr'><strong>sit</strong></span> <span class='ocrx_word' id='word_1_186' title='bbox 168 2628 227 2686; x_wconf 92' lang='lat' dir='ltr'><strong>loci</strong></span> <span class='ocrx_word' id='word_1_187' title='bbox 247 2649 364 2686; x_wconf 91' lang='lat' dir='ltr'><strong>sensus:</strong></span> <span class='ocrx_word' id='word_1_188' title='bbox 392 2628 563 2704; x_wconf 88' lang='lat' dir='ltr'><strong>„Spondent</strong></span> <span class='ocrx_word' id='word_1_189' title='bbox 586 2629 659 2686; x_wconf 89' lang='lat' dir='ltr'><strong>lanii</strong></span> <span class='ocrx_word' id='word_1_190' title='bbox 682 2649 713 2686; x_wconf 90' lang='lat' dir='ltr'><strong>se</strong></span> <span class='ocrx_word' id='word_1_191' title='bbox 735 2629 791 2685; x_wconf 90' lang='lat' dir='ltr'><strong>tibi</strong></span> <span class='ocrx_word' id='word_1_192' title='bbox 814 2648 941 2688; x_wconf 83' lang='lat' dir='ltr'><strong>caesuros</strong></span> <span class='ocrx_word' id='word_1_193' title='bbox 965 2649 1027 2686; x_wconf 89' lang='lat' dir='ltr'><strong>esse</strong></span> <span class='ocrx_word' id='word_1_194' title='bbox 1051 2649 1142 2705; x_wconf 87' lang='lat' dir='ltr'><strong>egnes</strong></span> <span class='ocrx_word' id='word_1_195' title='bbox 1165 2649 1233 2688; x_wconf 89' lang='lat' dir='ltr'><strong>suos</strong></span> 
     </span>
     <span class='ocr_line' id='line_1_22' title="bbox 104 2709 1234 2810; baseline 0.002 -22"><span class='ocrx_word' id='word_1_196' title='bbox 104 2739 191 2788; x_wconf 88' lang='lat' dir='ltr'><strong>certo</strong></span> <span class='ocrx_word' id='word_1_197' title='bbox 214 2733 320 2808; x_wconf 80' lang='lat' dir='ltr'><strong>pretio,</strong></span> <span class='ocrx_word' id='word_1_198' title='bbox 346 2751 410 2790; x_wconf 91' lang='lat' dir='ltr'><strong>cum</strong></span> <span class='ocrx_word' id='word_1_199' title='bbox 433 2751 504 2788; x_wconf 90' lang='lat' dir='ltr'><strong>vero</strong></span> <span class='ocrx_word' id='word_1_200' title='bbox 527 2751 616 2790; x_wconf 74' lang='lat' dir='ltr'><strong>cresce</strong></span> <span class='ocrx_word' id='word_1_201' title='bbox 636 2709 795 2802; x_wconf 86' lang='lat' dir='ltr'><strong>exhibent,</strong></span> <span class='ocrx_word' id='word_1_202' title='bbox 824 2730 945 2808; x_wconf 92' lang='lat' dir='ltr'><strong>duplum</strong></span> <span class='ocrx_word' id='word_1_203' title='bbox 976 2733 1104 2810; x_wconf 89' lang='lat' dir='ltr'><strong>pretium</strong></span> <span class='ocrx_word' id='word_1_204' title='bbox 1134 2739 1234 2808; x_wconf 88' lang='lat' dir='ltr'><strong>postu·</strong></span> 
     </span>
     <span class='ocr_line' id='line_1_23' title="bbox 104 2831 1233 2912; baseline 0.003 -23"><span class='ocrx_word' id='word_1_205' title='bbox 104 2831 203 2904; x_wconf 82' lang='lat' dir='ltr'><strong>lant“,</strong></span> <span class='ocrx_word' id='word_1_206' title='bbox 218 2836 301 2909; x_wconf 89' lang='lat' dir='ltr'><strong>quasi</strong></span> <span class='ocrx_word' id='word_1_207' title='bbox 313 2835 437 2912; x_wconf 86' lang='lat' dir='ltr'><strong>parasiti</strong></span> <span class='ocrx_word' id='word_1_208' title='bbox 456 2833 619 2912; x_wconf 82' lang='lat' dir='ltr'><strong>quidquam</strong></span> <span class='ocrx_word' id='word_1_209' title='bbox 637 2835 770 2904; x_wconf 81' lang='lat' dir='ltr'><strong>referret,</strong></span> <span class='ocrx_word' id='word_1_210' title='bbox 789 2853 847 2910; x_wconf 93' lang='lat' dir='ltr'><strong>quo</strong></span> <span class='ocrx_word' id='word_1_211' title='bbox 866 2836 962 2909; x_wconf 86' lang='lat' dir='ltr'><strong>pretio</strong></span> <span class='ocrx_word' id='word_1_212' title='bbox 981 2854 1053 2891; x_wconf 83' lang='lat' dir='ltr'><strong>cens</strong></span> <span class='ocrx_word' id='word_1_213' title='bbox 1070 2841 1233 2908; x_wconf 79' lang='lat' dir='ltr'><strong>constaret;</strong></span> 
     </span>
     <span class='ocr_line' id='line_1_24' title="bbox 105 2935 1234 3014; baseline 0.004 -22"><span class='ocrx_word' id='word_1_214' title='bbox 105 2939 197 2992; x_wconf 87' lang='lat' dir='ltr'><strong>immo</strong></span> <span class='ocrx_word' id='word_1_215' title='bbox 221 2940 247 2994; x_wconf 92' lang='lat' dir='ltr'><strong>is</strong></span> <span class='ocrx_word' id='word_1_216' title='bbox 269 2956 359 2994; x_wconf 87' lang='lat' dir='ltr'><strong>unum</strong></span> <span class='ocrx_word' id='word_1_217' title='bbox 389 2942 518 3014; x_wconf 87' lang='lat' dir='ltr'><strong>spectat,</strong></span> <span class='ocrx_word' id='word_1_218' title='bbox 554 2957 641 3014; x_wconf 87' lang='lat' dir='ltr'><strong>quem</strong></span> <span class='ocrx_word' id='word_1_219' title='bbox 671 2937 768 2994; x_wconf 89' lang='lat' dir='ltr'><strong>mollis</strong></span> <span class='ocrx_word' id='word_1_220' title='bbox 798 2943 828 2992; x_wconf 90' lang='lat' dir='ltr'><strong>et</strong></span> <span class='ocrx_word' id='word_1_221' title='bbox 858 2935 986 2994; x_wconf 84' lang='lat' dir='ltr'><strong>iucundo</strong></span> <span class='ocrx_word' id='word_1_222' title='bbox 1015 2939 1062 2994; x_wconf 89' lang='lat' dir='ltr'><strong>sit.</strong></span> <span class='ocrx_word' id='word_1_223' title='bbox 1088 2967 1125 2976; x_wconf 89' lang='lat'><strong>—-</strong></span> <span class='ocrx_word' id='word_1_224' title='bbox 1162 2940 1234 2996; x_wconf 87' lang='grc'><strong>814.</strong></span> 
     </span>
     <span class='ocr_line' id='line_1_25' title="bbox 105 3031 1234 3115; baseline 0.002 -20"><span class='ocrx_word' id='word_1_225' title='bbox 105 3039 203 3096; x_wconf 88' lang='lat' dir='ltr'><strong>Iidem</strong></span> <span class='ocrx_word' id='word_1_226' title='bbox 227 3038 298 3096; x_wconf 83' lang='lat' dir='ltr'><strong>lanii</strong></span> <span class='ocrx_word' id='word_1_227' title='bbox 317 3039 472 3114; x_wconf 62' lang='lat' dir='ltr'><strong>petrones</strong></span> <span class='ocrx_word' id='word_1_228' title='bbox 495 3041 515 3098; x_wconf 91' lang='lat' dir='ltr'><strong>i.</strong></span> <span class='ocrx_word' id='word_1_229' title='bbox 535 3062 559 3099; x_wconf 90' lang='lat' dir='ltr'><strong>e.</strong></span> <span class='ocrx_word' id='word_1_230' title='bbox 579 3045 692 3097; x_wconf 89' lang='lat' dir='ltr'><strong>veteres</strong></span> <span class='ocrx_word' id='word_1_231' title='bbox 715 3040 821 3095; x_wconf 78' lang='lat' dir='ltr'><strong>arietes</strong></span> <span class='ocrx_word' id='word_1_232' title='bbox 846 3031 905 3114; x_wconf 75' lang='lat' dir='ltr'><strong>(ep.</strong></span> <span class='ocrx_word' id='word_1_233' title='bbox 920 3037 1000 3096; x_wconf 88' lang='lat' dir='ltr'><strong>Fest.</strong></span> <span class='ocrx_word' id='word_1_234' title='bbox 1012 3059 1042 3115; x_wconf 93' lang='lat' dir='ltr'><strong>p.</strong></span> <span class='ocrx_word' id='word_1_235' title='bbox 1057 3038 1133 3098; x_wconf 79' lang='lat'><strong>206:</strong></span> <span class='ocrx_word' id='word_1_236' title='bbox 1162 3039 1234 3112; x_wconf 90' lang='lat' dir='ltr'><strong>„Pe-</strong></span> 
     </span>
     <span class='ocr_line' id='line_1_26' title="bbox 106 3137 1231 3219; baseline 0 -21"><span class='ocrx_word' id='word_1_237' title='bbox 106 3149 211 3198; x_wconf 84' lang='lat' dir='ltr'><strong>trones</strong></span> <span class='ocrx_word' id='word_1_238' title='bbox 223 3143 330 3198; x_wconf 89' lang='lat' dir='ltr'><strong>rustici</strong></span> <span class='ocrx_word' id='word_1_239' title='bbox 349 3142 411 3200; x_wconf 87' lang='lat' dir='ltr'><strong>fers</strong></span> <span class='ocrx_word' id='word_1_240' title='bbox 423 3141 563 3200; x_wconf 89' lang='lat' dir='ltr'><strong>dicuntur</strong></span> <span class='ocrx_word' id='word_1_241' title='bbox 575 3148 699 3219; x_wconf 88' lang='lat' dir='ltr'><strong>propter</strong></span> <span class='ocrx_word' id='word_1_242' title='bbox 710 3139 907 3198; x_wconf 80' lang='lat' dir='ltr'><strong>vetustatem“</strong></span> <span class='ocrx_word' id='word_1_243' title='bbox 922 3142 1021 3198; x_wconf 89' lang='lat' dir='ltr'><strong>nescio</strong></span> <span class='ocrx_word' id='word_1_244' title='bbox 1034 3163 1071 3200; x_wconf 88' lang='lat' dir='ltr'><strong>an</strong></span> <span class='ocrx_word' id='word_1_245' title='bbox 1086 3137 1231 3216; x_wconf 84' lang='lat' dir='ltr'><strong>„arietes“</strong></span> 
     </span>
     <span class='ocr_line' id='line_1_27' title="bbox 106 3237 1235 3320; baseline -0.002 -18"><span class='ocrx_word' id='word_1_246' title='bbox 106 3245 228 3302; x_wconf 90' lang='lat' dir='ltr'><strong>rusticis</strong></span> <span class='ocrx_word' id='word_1_247' title='bbox 242 3247 302 3301; x_wconf 89' lang='lat' dir='ltr'><strong>sint</strong></span> <span class='ocrx_word' id='word_1_248' title='bbox 315 3241 527 3318; x_wconf 82' lang='lat' dir='ltr'><strong>substituendi)</strong></span> <span class='ocrx_word' id='word_1_249' title='bbox 547 3265 603 3320; x_wconf 89' lang='lat' dir='ltr'><strong>pro</strong></span> <span class='ocrx_word' id='word_1_250' title='bbox 616 3237 798 3304; x_wconf 69' lang='lat' dir='ltr'><strong>decuesibus</strong></span> <span class='ocrx_word' id='word_1_251' title='bbox 813 3239 955 3302; x_wconf 54' lang='lat' dir='ltr'><strong>sectariis</strong></span> <span class='ocrx_word' id='word_1_252' title='bbox 968 3243 1116 3300; x_wconf 88' lang='lat' dir='ltr'><strong>exhibent.</strong></span> <span class='ocrx_word' id='word_1_253' title='bbox 1151 3243 1235 3300; x_wconf 86' lang='lat' dir='ltr'><strong>Festi</strong></span> 
     </span>
     <span class='ocr_line' id='line_1_28' title="bbox 105 3345 1236 3424; baseline -0.001 -19"><span class='ocrx_word' id='word_1_254' title='bbox 105 3347 191 3422; x_wconf 85' lang='lat' dir='ltr'><strong>Epit.</strong></span> <span class='ocrx_word' id='word_1_255' title='bbox 212 3367 241 3424; x_wconf 89' lang='lat' dir='ltr'><strong>p.</strong></span> <span class='ocrx_word' id='word_1_256' title='bbox 257 3348 332 3404; x_wconf 83' lang='lat'><strong>336:</strong></span> <span class='ocrx_word' id='word_1_257' title='bbox 360 3347 528 3418; x_wconf 84' lang='lat' dir='ltr'><strong>„Sectarius</strong></span> <span class='ocrx_word' id='word_1_258' title='bbox 546 3367 675 3418; x_wconf 86' lang='lat' dir='ltr'><strong>ueruex,</strong></span> <span class='ocrx_word' id='word_1_259' title='bbox 700 3351 750 3424; x_wconf 92' lang='lat' dir='ltr'><strong>qui</strong></span> <span class='ocrx_word' id='word_1_260' title='bbox 770 3365 888 3420; x_wconf 85' lang='lat' dir='ltr'><strong>gregem</strong></span> <span class='ocrx_word' id='word_1_261' title='bbox 907 3363 1049 3420; x_wconf 85' lang='lat' dir='ltr'><strong>agnorum</strong></span> <span class='ocrx_word' id='word_1_262' title='bbox 1067 3345 1236 3421; x_wconf 84' lang='lat' dir='ltr'><strong>praecedens</strong></span> 
     </span>
     <span class='ocr_line' id='line_1_29' title="bbox 107 3445 1235 3525; baseline -0.001 -18"><span class='ocrx_word' id='word_1_263' title='bbox 107 3445 228 3520; x_wconf 88' lang='lat' dir='ltr'><strong>ducit“,</strong></span> <span class='ocrx_word' id='word_1_264' title='bbox 253 3450 339 3520; x_wconf 82' lang='lat' dir='ltr'><strong>male,</strong></span> <span class='ocrx_word' id='word_1_265' title='bbox 360 3469 425 3506; x_wconf 86' lang='lat' dir='ltr'><strong>nem</strong></span> <span class='ocrx_word' id='word_1_266' title='bbox 450 3459 477 3506; x_wconf 85' lang='lat' dir='ltr'><strong>et</strong></span> <span class='ocrx_word' id='word_1_267' title='bbox 500 3453 586 3525; x_wconf 83' lang='lat' dir='ltr'><strong>eries,</strong></span> <span class='ocrx_word' id='word_1_268' title='bbox 611 3471 670 3508; x_wconf 91' lang='lat' dir='ltr'><strong>non</strong></span> <span class='ocrx_word' id='word_1_269' title='bbox 687 3469 795 3506; x_wconf 74' lang='lat' dir='ltr'><strong>vernon</strong></span> <span class='ocrx_word' id='word_1_270' title='bbox 813 3469 930 3524; x_wconf 88' lang='lat' dir='ltr'><strong>gregem</strong></span> <span class='ocrx_word' id='word_1_271' title='bbox 953 3448 1048 3520; x_wconf 91' lang='lat' dir='ltr'><strong>ducit,</strong></span> <span class='ocrx_word' id='word_1_272' title='bbox 1073 3469 1125 3506; x_wconf 90' lang='lat' dir='ltr'><strong>nec</strong></span> <span class='ocrx_word' id='word_1_273' title='bbox 1143 3455 1235 3506; x_wconf 85' lang='lat' dir='ltr'><strong>secta·</strong></span> 
     </span>
     <span class='ocr_line' id='line_1_30' title="bbox 106 3549 1234 3638; baseline -0.002 -29"><span class='ocrx_word' id='word_1_274' title='bbox 106 3555 182 3622; x_wconf 87' lang='lat' dir='ltr'><strong>rius,</strong></span> <span class='ocrx_word' id='word_1_275' title='bbox 207 3553 231 3608; x_wconf 90' lang='lat' dir='ltr'><strong>si</strong></span> <span class='ocrx_word' id='word_1_276' title='bbox 251 3571 268 3608; x_wconf 85' lang='lat' dir='ltr'><strong>a</strong></span> <span class='ocrx_word' id='word_1_277' title='bbox 286 3551 437 3638; x_wconf 71' lang='lat' dir='ltr'><strong>pequendo</strong></span> <span class='ocrx_word' id='word_1_278' title='bbox 456 3552 622 3624; x_wconf 88' lang='lat' dir='ltr'><strong>duceretur,</strong></span> <span class='ocrx_word' id='word_1_279' title='bbox 648 3553 750 3609; x_wconf 86' lang='lat' dir='ltr'><strong>ducem</strong></span> <span class='ocrx_word' id='word_1_280' title='bbox 770 3551 821 3608; x_wconf 89' lang='lat' dir='ltr'><strong>scd</strong></span> <span class='ocrx_word' id='word_1_281' title='bbox 844 3559 1021 3609; x_wconf 78' lang='lat' dir='ltr'><strong>sectatorem</strong></span> <span class='ocrx_word' id='word_1_282' title='bbox 1045 3549 1234 3625; x_wconf 78' lang='lat' dir='ltr'><strong>significaret.</strong></span> 
     </span>
     <span class='ocr_line' id='line_1_31' title="bbox 106 3653 1235 3731; baseline 0.002 -19"><span class='ocrx_word' id='word_1_283' title='bbox 106 3657 247 3731; x_wconf 86' lang='lat' dir='ltr'><strong>Apparet</strong></span> <span class='ocrx_word' id='word_1_284' title='bbox 270 3675 287 3711; x_wconf 82' lang='lat' dir='ltr'>a</span> <span class='ocrx_word' id='word_1_285' title='bbox 310 3653 437 3712; x_wconf 88' lang='lat' dir='ltr'><strong>secando</strong></span> <span class='ocrx_word' id='word_1_286' title='bbox 460 3656 628 3713; x_wconf 85' lang='lat' dir='ltr'><strong>derivatum</strong></span> <span class='ocrx_word' id='word_1_287' title='bbox 651 3675 725 3726; x_wconf 88' lang='lat' dir='ltr'><strong>esse,</strong></span> <span class='ocrx_word' id='word_1_288' title='bbox 749 3663 783 3712; x_wconf 89' lang='lat' dir='ltr'><strong>nt</strong></span> <span class='ocrx_word' id='word_1_289' title='bbox 806 3659 846 3713; x_wconf 89' lang='lat' dir='ltr'><strong>sit</strong></span> <span class='ocrx_word' id='word_1_290' title='bbox 869 3661 966 3712; x_wconf 89' lang='lat' dir='ltr'><strong>sectus</strong></span> <span class='ocrx_word' id='word_1_291' title='bbox 989 3657 1008 3712; x_wconf 94' lang='lat' dir='ltr'><strong>i.</strong></span> <span class='ocrx_word' id='word_1_292' title='bbox 1028 3675 1052 3712; x_wconf 88' lang='lat' dir='ltr'><strong>e.</strong></span> <span class='ocrx_word' id='word_1_293' title='bbox 1078 3663 1235 3714; x_wconf 83' lang='lat' dir='ltr'><strong>castratus.</strong></span> 
     </span>
     <span class='ocr_line' id='line_1_32' title="bbox 106 3749 1235 3829; baseline -0.001 -14"><span class='ocrx_word' id='word_1_294' title='bbox 106 3786 152 3795; x_wconf 89' lang='lat'>—</span> <span class='ocrx_word' id='word_1_295' title='bbox 177 3759 248 3815; x_wconf 84' lang='lat'><strong>815.</strong></span> <span class='ocrx_word' id='word_1_296' title='bbox 272 3751 365 3829; x_wconf 77' lang='lat' dir='ltr'><strong>Eum,</strong></span> <span class='ocrx_word' id='word_1_297' title='bbox 390 3778 417 3817; x_wconf 83' lang='lat' dir='ltr'><strong>v,</strong></span> <span class='ocrx_word' id='word_1_298' title='bbox 437 3759 474 3816; x_wconf 88' lang='lat' dir='ltr'><strong>ed</strong></span> <span class='ocrx_word' id='word_1_299' title='bbox 492 3779 519 3817; x_wconf 89' lang='lat' dir='ltr'><strong>v.</strong></span> <span class='ocrx_word' id='word_1_300' title='bbox 540 3760 610 3817; x_wconf 80' lang='lat'><strong>807.</strong></span> <span class='ocrx_word' id='word_1_301' title='bbox 634 3787 676 3797; x_wconf 95' lang='lat'>—</span> <span class='ocrx_word' id='word_1_302' title='bbox 700 3760 770 3816; x_wconf 83' lang='grc'>816.</span> <span class='ocrx_word' id='word_1_303' title='bbox 793 3749 979 3816; x_wconf 75' lang='lat' dir='ltr'><strong>morlaltbus</strong></span> <span class='ocrx_word' id='word_1_304' title='bbox 1001 3757 1124 3814; x_wconf 89' lang='lat' dir='ltr'><strong>ridicule</strong></span> <span class='ocrx_word' id='word_1_305' title='bbox 1147 3761 1235 3814; x_wconf 83' lang='lat' dir='ltr'><strong>etium</strong></span> 
     </span>
     <span class='ocr_line' id='line_1_33' title="bbox 107 3853 1235 3936; baseline 0.001 -20"><span class='ocrx_word' id='word_1_306' title='bbox 107 3863 264 3936; x_wconf 85' lang='lat' dir='ltr'><strong>petronem</strong></span> <span class='ocrx_word' id='word_1_307' title='bbox 288 3859 471 3920; x_wconf 83' lang='lat' dir='ltr'><strong>adnumeret.</strong></span> <span class='ocrx_word' id='word_1_308' title='bbox 490 3891 533 3899; x_wconf 91' lang='lat'><em>-</em></span> <span class='ocrx_word' id='word_1_309' title='bbox 556 3863 627 3920; x_wconf 80' lang='lat'><strong>817.</strong></span> <span class='ocrx_word' id='word_1_310' title='bbox 651 3860 725 3917; x_wconf 90' lang='lat' dir='ltr'><strong>Post</strong></span> <span class='ocrx_word' id='word_1_311' title='bbox 741 3853 883 3936; x_wconf 66' lang='lat' dir='ltr'><strong>Enyepae</strong></span> <span class='ocrx_word' id='word_1_312' title='bbox 901 3859 1008 3917; x_wconf 89' lang='lat' dir='ltr'><strong>hiatur.</strong></span> <span class='ocrx_word' id='word_1_313' title='bbox 1043 3855 1092 3916; x_wconf 80' lang='lat' dir='ltr'><strong>hio</strong></span> <span class='ocrx_word' id='word_1_314' title='bbox 1113 3856 1235 3935; x_wconf 67' lang='lat' dir='ltr'><strong>quidem</strong></span> 
     </span>
     <span class='ocr_line' id='line_1_34' title="bbox 107 3961 1233 4041; baseline -0.002 -22"><span class='ocrx_word' id='word_1_315' title='bbox 107 3964 299 4039; x_wconf 87' lang='lat' dir='ltr'><strong>transposui,</strong></span> <span class='ocrx_word' id='word_1_316' title='bbox 335 3984 370 4020; x_wconf 91' lang='lat' dir='ltr'><strong>ne</strong></span> <span class='ocrx_word' id='word_1_317' title='bbox 401 3967 545 4040; x_wconf 84' lang='lat' dir='ltr'><strong>septimus</strong></span> <span class='ocrx_word' id='word_1_318' title='bbox 574 3983 627 4041; x_wconf 88' lang='lat' dir='ltr'><strong>pes</strong></span> <span class='ocrx_word' id='word_1_319' title='bbox 657 3963 790 4038; x_wconf 83' lang='lat' dir='ltr'><strong>dactylus</strong></span> <span class='ocrx_word' id='word_1_320' title='bbox 814 3969 899 4020; x_wconf 88' lang='lat' dir='ltr'><strong>esset.</strong></span> <span class='ocrx_word' id='word_1_321' title='bbox 955 3961 1050 4040; x_wconf 89' lang='lat' dir='ltr'><strong>Gepp.</strong></span> <span class='ocrx_word' id='word_1_322' title='bbox 1077 3961 1233 4037; x_wconf 85' lang='lat' dir='ltr'><strong>„quidem“</strong></span> 
     </span>
     <span class='ocr_line' id='line_1_35' title="bbox 109 4061 1236 4140; baseline 0.002 -18"><span class='ocrx_word' id='word_1_323' title='bbox 109 4064 241 4136; x_wconf 86' lang='lat' dir='ltr'><strong>delebat,</strong></span> <span class='ocrx_word' id='word_1_324' title='bbox 265 4065 311 4122; x_wconf 87' lang='lat' dir='ltr'><strong>Fl.</strong></span> <span class='ocrx_word' id='word_1_325' title='bbox 329 4064 445 4140; x_wconf 88' lang='lat' dir='ltr'><strong>„Euge:</strong></span> <span class='ocrx_word' id='word_1_326' title='bbox 470 4066 634 4122; x_wconf 90' lang='lat' dir='ltr'><strong>edictiones</strong></span> <span class='ocrx_word' id='word_1_327' title='bbox 654 4066 805 4122; x_wconf 83' lang='lat' dir='ltr'><strong>aedilicias</strong></span> <span class='ocrx_word' id='word_1_328' title='bbox 819 4061 895 4140; x_wconf 91' lang='lat' dir='ltr'><strong>[pol]</strong></span> <span class='ocrx_word' id='word_1_329' title='bbox 910 4065 1000 4122; x_wconf 81' lang='lat' dir='ltr'><strong>hebet</strong></span> <span class='ocrx_word' id='word_1_330' title='bbox 1019 4065 1067 4122; x_wconf 94' lang='lat' dir='ltr'><strong>hic</strong></span> <span class='ocrx_word' id='word_1_331' title='bbox 1084 4062 1236 4140; x_wconf 85' lang='lat' dir='ltr'><strong>quidem“.</strong></span> 
     </span>
     <span class='ocr_line' id='line_1_36' title="bbox 108 4147 1238 4244; baseline -0.002 -18"><span class='ocrx_word' id='word_1_332' title='bbox 108 4167 161 4226; x_wconf 88' lang='lat' dir='ltr'><strong>Br.</strong></span> <span class='ocrx_word' id='word_1_333' title='bbox 185 4187 302 4225; x_wconf 88' lang='lat' dir='ltr'><strong>versum</strong></span> <span class='ocrx_word' id='word_1_334' title='bbox 325 4171 458 4244; x_wconf 88' lang='lat' dir='ltr'><strong>spurium</strong></span> <span class='ocrx_word' id='word_1_335' title='bbox 481 4147 601 4239; x_wconf 75' lang='lat' dir='ltr'><strong>hebuit,</strong></span> <span class='ocrx_word' id='word_1_336' title='bbox 631 4187 658 4225; x_wconf 90' lang='lat' dir='ltr'><strong>v.</strong></span> <span class='ocrx_word' id='word_1_337' title='bbox 684 4167 722 4224; x_wconf 87' lang='lat' dir='ltr'><strong>ad</strong></span> <span class='ocrx_word' id='word_1_338' title='bbox 747 4169 822 4240; x_wconf 74' lang='lat'><strong>8053</strong></span> <span class='ocrx_word' id='word_1_339' title='bbox 857 4168 909 4225; x_wconf 88' lang='lat' dir='ltr'><strong>sed</strong></span> <span class='ocrx_word' id='word_1_340' title='bbox 932 4167 987 4224; x_wconf 89' lang='lat' dir='ltr'><strong>hoc</strong></span> <span class='ocrx_word' id='word_1_341' title='bbox 1008 4169 1116 4225; x_wconf 89' lang='lat' dir='ltr'><strong>omisso</strong></span> <span class='ocrx_word' id='word_1_342' title='bbox 1139 4169 1238 4244; x_wconf 86' lang='lat' dir='ltr'><strong>proxi·</strong></span> 
     </span>
     <span class='ocr_line' id='line_1_37' title="bbox 108 4265 1238 4346; baseline -0.001 -19"><span class='ocrx_word' id='word_1_343' title='bbox 108 4290 191 4327; x_wconf 92' lang='lat' dir='ltr'><strong>mum</strong></span> <span class='ocrx_word' id='word_1_344' title='bbox 215 4269 341 4328; x_wconf 88' lang='lat' dir='ltr'><strong>Romani</strong></span> <span class='ocrx_word' id='word_1_345' title='bbox 363 4271 497 4328; x_wconf 88' lang='lat' dir='ltr'><strong>homines</strong></span> <span class='ocrx_word' id='word_1_346' title='bbox 519 4271 569 4327; x_wconf 85' lang='lat' dir='ltr'><strong>vix</strong></span> <span class='ocrx_word' id='word_1_347' title='bbox 593 4270 806 4346; x_wconf 88' lang='lat' dir='ltr'><strong>intelligerent.</strong></span> <span class='ocrx_word' id='word_1_348' title='bbox 858 4265 984 4329; x_wconf 78' lang='lat' dir='ltr'><strong>AEdr&#39;lls</strong></span> <span class='ocrx_word' id='word_1_349' title='bbox 1012 4276 1076 4327; x_wconf 86' lang='lat' dir='ltr'><strong>erat</strong></span> <span class='ocrx_word' id='word_1_350' title='bbox 1105 4269 1141 4326; x_wconf 90' lang='lat' dir='ltr'><strong>de</strong></span> <span class='ocrx_word' id='word_1_351' title='bbox 1173 4270 1238 4326; x_wconf 90' lang='lat' dir='ltr'><strong>foro</strong></span> 
     </span>
     <span class='ocr_line' id='line_1_38' title="bbox 107 4371 1242 4448; baseline -0.003 -17"><span class='ocrx_word' id='word_1_352' title='bbox 107 4380 141 4431; x_wconf 90' lang='lat' dir='ltr'><strong>et</strong></span> <span class='ocrx_word' id='word_1_353' title='bbox 164 4373 299 4445; x_wconf 87' lang='lat' dir='ltr'><strong>macello,</strong></span> <span class='ocrx_word' id='word_1_354' title='bbox 323 4371 360 4430; x_wconf 90' lang='lat' dir='ltr'><strong>de</strong></span> <span class='ocrx_word' id='word_1_355' title='bbox 380 4392 467 4430; x_wconf 88' lang='lat' dir='ltr'><strong>carne</strong></span> <span class='ocrx_word' id='word_1_356' title='bbox 487 4377 518 4428; x_wconf 92' lang='lat' dir='ltr'><strong>et</strong></span> <span class='ocrx_word' id='word_1_357' title='bbox 535 4371 666 4448; x_wconf 91' lang='lat' dir='ltr'><strong>piscibus</strong></span> <span class='ocrx_word' id='word_1_358' title='bbox 684 4373 809 4448; x_wconf 78' lang='lat' dir='ltr'><strong>aliisque</strong></span> <span class='ocrx_word' id='word_1_359' title='bbox 827 4371 915 4430; x_wconf 91' lang='lat' dir='ltr'><strong>rebus</strong></span> <span class='ocrx_word' id='word_1_360' title='bbox 932 4372 1095 4430; x_wconf 85' lang='lat' dir='ltr'><strong>vendendis</strong></span> <span class='ocrx_word' id='word_1_361' title='bbox 1114 4372 1242 4445; x_wconf 88' lang='lat' dir='ltr'><strong>edicere,</strong></span> 
     </span>
    </p>
   </div>
   <div class='ocr_carea' id='block_1_3' title="bbox 0 0 1488 5010">
    <p class='ocr_par' dir='ltr' id='par_1_3' title="bbox 0 0 1488 5010">
     <span class='ocr_line' id='line_1_39' title="bbox 0 0 1488 5010; baseline 0 0"><span class='ocrx_word' id='word_1_362' title='bbox 0 0 1488 5010; x_wconf 95' lang='lat' dir='ltr'><strong> </strong></span> 
     </span>
    </p>
   </div>
  </div>
 </body>
</html>
