2960 5012
307 459 348 520 32
818 458 910 514 Plauti
1215 459 1262 526 111,
1272 463 1296 524 3,
1306 462 1379 527 6-4,
1389 463 1415 516 15

308 641 455 726 Coquite,
477 643 587 724 facite,
610 643 763 711 festinate
786 667 871 712 nuno
894 647 968 728 iam,
993 652 1151 732 quantum
1172 646 1273 712 lubet.
1371 665 1416 717 445

779 752 952 837 Congrio

307 855 467 943 Temperi,
490 867 665 945 postquam
687 861 857 946 inpleuisti
879 861 958 926 fusti
980 861 1127 928 fissorum
1151 869 1259 946 caput.

796 969 937 1036 Euclio

305 1073 396 1138 Intro
420 1073 483 1138 abi.
529 1075 638 1159 Opera
659 1075 723 1141 huc
747 1077 908 1144 conducta
931 1085 982 1144 est
1003 1083 1126 1158 uostra,
1148 1099 1214 1144 non
1237 1080 1351 1146 oratio.

778 1183 952 1266 Congrio

305 1289 412 1369 Heus,
440 1311 552 1370 senex,
579 1311 638 1374 pro
668 1291 857 1376 uapulando
885 1291 993 1358 hercle
1022 1315 1081 1376 ego
1104 1293 1162 1358 abs
1185 1299 1218 1359 te
1240 1295 1416 1359 mercedem

1020 1406 1139 1485 petam.

294 1505 442 1572 ¹Coctum
465 1526 534 1588 ego,
557 1527 622 1572 non
645 1507 849 1592 uapulatum‚
872 1509 995 1573 dudum
1018 1509 1198 1574 conductus
1220 1506 1277 1574 fui.

793 1615 933 1680 Euclio
1415 1694 1421 1711 ι

304 1723 390 1806 Lege
402 1725 490 1807 agito
503 1743 638 1788 mecum.
685 1723 845 1789 Molestus
862 1745 903 1788 ne
921 1725 977 1789 sis.
1022 1723 1037 1787 I
1057 1729 1089 1788 et
1108 1743 1221 1788 cenam
1234 1745 1345 1806 coque,
1372 1741 1418 1792 400

302 1833 369 1898 Aut
391 1833 446 1897 abi
467 1833 501 1896 in
523 1831 645 1896 malum
668 1833 851 1896 cruciatum
874 1831 916 1896 ab
940 1831 1087 1896 aedibus.

774 1939 953 2022 Congrio

1138 2047 1201 2112 Abi
1223 2053 1261 2112 tu
1284 2047 1388 2112 modo.

700 2263 840 2328 SENEX
862 2261 1030 2328 EUCLIO.

301 2393 375 2459 lllic
396 2393 471 2459 hinc
493 2393 583 2458 abiit.
628 2393 669 2458 Di
691 2394 891 2473 inmortales,
914 2392 1043 2483 facinus
1066 2393 1173 2458 audax
1196 2393 1322 2478 incipit,

306 2501 368 2579 Qui
392 2523 467 2566 oum
491 2501 645 2586 opulento
667 2523 793 2586 pauper
816 2504 923 2586 coepit
939 2524 1008 2567 ram
1026 2501 1148 2566 habere
1168 2507 1228 2567 aut
1245 2504 1417 2584 negotium.

214 2595 219 2607 ¹
305 2608 417 2674 Ueluti
438 2632 488 2674 me
510 2609 706 2691 Megadorus
728 2616 870 2694 temptat
893 2610 1042 2675 omnibus
1065 2611 1220 2675 miserum
1243 2611 1365 2692 modis3

303 2716 367 2793 Qui
392 2717 559 2782 simulauit
583 2718 647 2781 mei
671 2717 803 2783 honoris
826 2719 956 2784 mittere
974 2718 1039 2784 huc
1063 2739 1164 2783 causa
1187 2739 1319 2800 coquos,
1371 2735 1418 2787 455

302 2825 336 2889 Is
359 2846 397 2888 ea
419 2845 519 2890 causa
540 2825 639 2906 misit,
662 2823 725 2889 hoo
748 2827 804 2910 qui
828 2826 1035 2909 subriperent
1058 2827 1176 2891 misero
1199 2823 1288 2890 mihi.

303 2929 472 3014 Condigne
495 2934 593 2998 etiam
616 2955 708 2998 meus
722 2955 782 3002 ,me
804 2934 891 2998 intus
914 2935 1018 3016 gallus
1041 2933 1251 3018 gallinaceus,

302 3039 365 3117 Qui
389 3047 461 3106 erat
483 3043 560 3106 anui
583 3040 770 3125 peculiaris,
794 3041 938 3125 perdidit
959 3043 1176 3126 paenissume.

301 3147 365 3212 Ubi
389 3155 459 3214 erat
481 3149 562 3214 haec
586 3149 724 3228 defossa,
748 3151 875 3233 occepit
896 3149 943 3214 ibi
965 3149 1161 3233 scalpurrire
1183 3149 1314 3232 ungulis
1468 3233 1469 3242 ἵ

301 3255 530 3322 Circumcirca.
554 3258 638 3336 Quid
650 3267 748 3341 opust
758 3257 890 3322 uerbis?
906 3259 954 3322 ita
965 3257 1044 3322 mihi
1057 3263 1175 3342 pectus
1187 3258 1354 3342 peraouit:
1372 3273 1419 3326 460
1468 3263 1469 3274 ’

302 3363 405 3447 Capio
428 3365 553 3446 fustem,
578 3373 737 3450 optrunco
760 3365 891 3448 gallum,
915 3366 1020 3430 furem
1043 3365 1313 3430 manifestarium.

299 3469 407 3536 Credo
431 3473 547 3556 edepol
569 3495 628 3556 ego
651 3473 700 3537 illi
722 3473 904 3537 mercedem
927 3473 1014 3556 gallo
1038 3471 1202 3556 pollicitos
1226 3493 1356 3554 coquos,

300 3579 334 3644 Si
357 3580 390 3642 id
414 3579 523 3662 palam
545 3579 694 3661 iecisset3
718 3581 822 3644 exemi
846 3602 885 3644 ex
907 3603 1005 3646 mauu
1028 3581 1243 3645 manubrium.

301 3686 386 3764 Quid
410 3693 506 3770 opust
527 3687 658 3752 uerbis?
681 3687 800 3752 iactast
822 3709 933 3771 pugna
955 3690 989 3752 iu
1012 3689 1099 3772 gallo
1122 3687 1312 3770 gallinaceo.

300 3795 362 3860 Sed
387 3795 594 3878 Megadorus,
616 3817 706 3860 meus
730 3795 854 3875 adfinis,
878 3818 989 3861 eccum
1012 3797 1135 3861 incedit
1157 3817 1177 3860 a
1199 3794 1280 3860 foro.
1369 3809 1418 3863 465

300 3903 370 3968 lam
383 3902 468 3969 huuc
481 3927 545 3968 non
558 3906 661 3968 ausim
673 3905 863 3988 praeterire,
888 3907 964 3987 quin
984 3906 1157 3970 consistam
1179 3909 1212 3968 et
1231 3903 1416 3987 conloquar.

367 4159 417 4212 448
435 4157 459 4212 E
477 4175 580 4212 usenex
662 4159 874 4214 451abedibus.
894 4161 963 4215 abi>
1016 4161 1067 4214 453
1085 4176 1193 4229 pauper
1210 4158 1324 4213 homine
1343 4157 1417 4226 oepit

297 4244 350 4295 454
366 4241 451 4297 Uelut
468 4243 636 4312 Megadorus
655 4248 775 4314 temptat
791 4263 835 4298 me
904 4247 954 4300 455
973 4245 1054 4298 simul
1070 4251 1117 4300 aut
1186 4246 1238 4298 457
1256 4243 1416 4314 gallinatius

298 4327 350 4382 458
362 4329 509 4396 peculiaris
579 4330 739 4398 penussime
807 4331 858 4385 459
876 4331 994 4400 ungulas
