2916 5006
253 497 317 558 464
757 487 876 558 Captiui.

253 707 281 746 v.
300 685 338 744 ed
357 687 439 744 Asin.
466 685 537 744 818.
561 713 604 726 -
628 687 666 744 50
689 683 758 760 plus
780 685 860 742 iusto
883 683 988 745 similis
1010 703 1038 744 v.
1060 687 1110 744 21.
1133 715 1176 726 —
1201 689 1237 746 51
1264 687 1381 748 effictus

252 789 375 850 videtur
398 809 434 846 ex
456 787 533 846 Rud.
560 788 634 848 155:
672 785 869 860 „Homunculi
897 789 1002 862 quenti
1030 785 1138 846 estis!“
1190 789 1290 849 Etiam
1313 813 1382 870 pro·

252 893 322 968 logo
356 894 553 950 recentiorem
587 897 618 950 et
654 911 707 962 „ex
738 889 979 966 interpellatione
1008 889 1172 949 senissima
1204 893 1378 970 irrepsisse·

253 1000 354 1054 censet
375 993 421 1054 Fl.
444 994 500 1071 Ep.
524 995 590 1052 crit.
613 1013 643 1070 p.
667 991 732 1050 XX.
762 1021 804 1031 -
838 1005 929 1068 quom
955 989 1106 1070 resopita,
1138 995 1175 1053 cf.
1199 995 1285 1054 Cure.
1311 999 1382 1060 375.

253 1098 345 1157 Mero.
370 1098 441 1156 730.
487 1095 579 1156 Stich.
605 1097 675 1154 301.
699 1123 742 1135 -
766 1095 814 1153 52.
844 1093 922 1166 Hoc,
952 1095 1065 1171 inquit,
1089 1100 1298 1170 argumentum
1322 1107 1381 1172 est3

253 1201 329 1260 hanc
353 1219 415 1258 rem
438 1218 571 1276 agemus3
594 1198 679 1256 vobis
698 1203 807 1268 autem,
830 1195 916 1254 addit
932 1197 1054 1256 facetiae
1072 1218 1218 1275 quaerens,
1242 1222 1305 1260 non
1325 1223 1381 1265 rer.

254 1301 307 1361 sed
324 1301 426 1359 fabula
444 1305 557 1376 agetur.
571 1329 613 1340 -
632 1303 680 1361 55.
707 1298 919 1374 „pertractate
943 1301 1055 1358 usitato
1077 1307 1107 1360 et
1132 1303 1255 1380 vulgato
1278 1314 1378 1364 more*

253 1403 358 1464 Lamb.
388 1403 424 1462 cf.
456 1404 546 1462 1026.
576 1433 619 1444 -
655 1403 704 1460 56.
743 1395 1027 1476 ι,ιἰιιιιιτιηοναόἱῖθε,
1063 1412 1231 1464 memoratu
1257 1407 1382 1486 indigni,

253 1504 387 1568 iniandi“
415 1504 506 1566 Gron.
534 1535 571 1544 -
596 1507 644 1564 59.
669 1519 753 1578 esse,
784 1503 863 1579 quod
887 1503 1004 1564 librarii
1027 1525 1130 1566 errore
1153 1509 1184 1566 in
1207 1512 1382 1571 anteceden-

253 1617 315 1670 tem
342 1629 460 1667 versum
489 1609 642 1686 migravit,
677 1607 735 1666 bue
763 1609 916 1682 pertinere
945 1608 1015 1666 olim
1044 1609 1231 1670 intellectum
1262 1621 1317 1671 est.
1342 1645 1382 1656 —

256 1715 305 1773 60.
339 1707 416 1788 fient
443 1710 529 1770 codd.
552 1716 661 1788 prater
683 1709 716 1768 B.
746 1737 786 1750 κ-
822 1711 871 1768 61.
899 1725 1003 1786 paene
1025 1709 1196 1789 iniquonast
1218 1724 1289 1789 etc,
1318 1721 1338 1776 i.
1357 1739 1379 1778 e.

253 1819 304 1874 vix
326 1815 459 1886 deceret,
494 1815 519 1872 si
546 1815 659 1872 comico
687 1817 887 1872 instrumento
918 1818 948 1870 et
972 1821 1122 1892 apparatu
1144 1835 1299 1877 scenarum
1322 1827 1380 1878 tre·

253 1919 380 1996 goediam
406 1935 571 1994 ageremus,
601 1917 642 1974 sic
666 1917 744 1974 enim
768 1921 846 1973 recte
869 1909 1049 1992 chorayium
1071 1919 1292 1996 interpretatur
1308 1927 1380 2000 epit.

254 2021 337 2080 Festi
364 2041 394 2098 p.
426 2021 474 2079 52.
532 2017 637 2077 Glossa
666 2017 807 2076 Plautina
836 2016 916 2094 apud
945 2017 1050 2078 Loewe
1079 2019 1218 2081 Analect.
1248 2043 1277 2100 p.
1302 2027 1379 2084 221:

256 2131 397 2198 „ornatus
419 2119 582 2180 mimicus“.
624 2120 667 2180 Cf.
692 2122 783 2178 ctiam
806 2119 892 2178 Rhet.
914 2119 952 2178 ad
975 2119 1083 2180 Heren.
1103 2122 1154 2196 IV,
1180 2127 1236 2184 50:
1262 2127 1380 2200 „chona-

255 2229 336 2302 ginm
358 2223 492 2302 glorim‘².
522 2253 563 2262 -
593 2225 643 2282 63.
678 2222 849 2282 Scurriliter
871 2221 965 2291 addit,
989 2225 1014 2282 si
1037 2229 1104 2300 quis
1125 2245 1235 2303 pugnae
1257 2231 1380 2306 cupidus

254 2331 301 2402 eit,
327 2349 392 2387 eum
411 2329 480 2386 lites
497 2325 673 2386 contrahere
693 2333 842 2401 oportere,
867 2331 897 2383 et
914 2326 1041 2384 maxime
1059 2328 1179 2403 quidem
1198 2334 1379 2392 cumvelen·

254 2433 339 2490 tiore.
364 2459 405 2470 —·
436 2433 485 2489 65.
516 2425 631 2507 samam
660 2427 694 2487 ut
721 2425 882 2503 inspectet,
905 2428 925 2486 i.
950 2447 975 2486 e.
999 2427 1066 2486 faxo
1090 2431 1284 2506 inspectabit,
1313 2456 1379 2512 pre·

254 2533 334 2610 fecto
368 2531 555 2610 inspectabit.
585 2561 626 2570 -
662 2535 711 2590 67.
746 2526 867 2589 iudices
900 2525 1083 2604 tristissimi,
1119 2533 1155 2592 cf.
1185 2536 1292 2613 Amph.
1326 2541 1378 2598 16:
1456 2567 1457 2570 ¹

257 2637 363 2712 „aequi
388 2641 419 2692 et
441 2637 513 2692 iusti
535 2635 581 2692 bic
606 2636 688 2693 eritis
711 2653 811 2692 omnes
834 2628 971 2692 arbitri“.
1011 2633 1163 2694 Acidalius
1186 2645 1268 2696 recte
1284 2642 1378 2698 iunxit
1456 2615 1457 2664 A

258 2736 357 2812 „domi
380 2736 493 2796 iudices
515 2739 679 2808 iustissimi,
703 2737 774 2794 belli
792 2736 950 2794 bellatores
973 2735 1116 2812 optimi“;
1140 2759 1195 2797 nec
1213 2741 1279 2799 ideo
1298 2761 1377 2818 opus.

254 2849 289 2898 nt
311 2859 375 2898 cum
400 2839 496 2917 Gepp.
520 2855 578 2918 que
600 2839 761 2898 deleamus.

343 3151 392 3208 69.
427 3147 570 3208 Fabulam
599 3148 716 3206 orditur
743 3149 893 3224 parasitus
921 3145 1073 3220 ingenium
1097 3167 1183 3207 snum
1207 3171 1380 3228 expromens

255 3271 380 3330 prorsus
413 3259 447 3310 ut
479 3252 511 3308 in
545 3249 747 3308 Menaechmis:
801 3249 963 3322 „lunentus
997 3265 1102 3306 nomen
1137 3249 1209 3312 fecit
1243 3253 1380 3312 Peniculo

255 3351 358 3412 mihi“.
394 3355 429 3414 cf.
448 3353 612 3430 Antiphon.
631 3373 678 3430 ap.
698 3350 806 3410 Athen.
826 3350 875 3425 VI,
896 3351 956 3410 238
977 3369 1006 3407 e:
1031 3354 1144 3408 καλοῦσι
1161 3352 1241 3428 μ”οἱ
1262 3358 1380 3432 νιώιιροι

257 3457 301 3512 διὰ
323 3459 405 3512 ταῦτα
429 3457 517 3514 πάντα
541 3457 667 3526 σκηπτόν.
715 3449 860 3514 Scortum
882 3455 1029 3534 appellari
1051 3475 1082 3514 ss
1105 3456 1164 3530 ait,
1187 3459 1310 3536 eiusque
1333 3477 1380 3517 no-

256 3559 344 3616 minis
367 3562 512 3617 raticnem
532 3559 642 3636 repetit
658 3578 694 3617 ex
712 3557 852 3632 ambigua
868 3557 1085 3634 significatione
1103 3561 1186 3618 vocis
1204 3556 1380 3629 iaeuccaeaa

257 3680 325 3718 nam
354 3666 385 3718 et
411 3662 476 3736 ipse
504 3663 674 3734 invocatus,
708 3663 727 3720 i.
753 3680 778 3720 e.
802 3679 862 3720 non
889 3667 1025 3734 vocatus,
1060 3663 1092 3718 in
1122 3665 1268 3722 conviviis
1299 3664 1381 3722 edere
1455 3699 1456 3720 ;

258 3763 349 3835 solet,
384 3769 415 3819 et
443 3767 574 3821 scortum
597 3737 766 3822 invocatum
790 3763 850 3822 dici
871 3769 986 3840 potest,
1016 3763 1069 3822 ubi
1091 3765 1259 3826 invocatur.
1305 3766 1381 3826 Sole-

257 3865 330 3924 bant
363 3869 462 3923 autem
497 3871 645 3924 amatores
678 3866 758 3923 inter
790 3864 953 3924 bibendum
984 3873 1014 3924 et
1045 3865 1097 3924 nbi
1127 3867 1207 3926 talos
1238 3869 1380 3928 iaciebant
1455 3917 1456 3940 ,

257 3967 364 4050 puellm
387 3985 495 4026 nornen
512 3968 663 4042 invocare,
686 3987 713 4026 v.
733 3967 771 4026 ad
787 3968 870 4027 Asin.
885 3970 958 4028 772.
976 3997 1020 4008 —
1037 3971 1087 4028 70.
1109 3963 1161 4028 Eo
1185 3967 1263 4046 quia
1278 3965 1312 4028 irs
1328 3987 1380 4047 pro

259 4069 379 4146 dactylo
401 4068 542 4146 legenda3
567 4071 616 4129 71.
641 4063 713 4130 Scio
736 4065 833 4130 absur
854 4090 909 4148 pro
925 4077 1088 4146 anapesto.
1106 4099 1148 4112 -
1167 4073 1218 4130 72.
1244 4068 1294 4130 aio
1312 4071 1379 4130 clim

259 4177 338 4230 recte
358 4170 560 4244 emendatnm3
584 4173 597 4230 I
618 4173 771 4250 ceterique
787 4169 902 4246 „dico“.
915 4203 958 4213 -
976 4175 1016 4231 72
1029 4193 1074 4250 sq.
1096 4172 1236 4233 scomem
1251 4174 1297 4232 bis
1313 4175 1379 4250 poni

259 4274 291 4332 in
303 4273 406 4332 eadem
418 4276 564 4332 sententia
581 4295 640 4334 non
658 4277 791 4352 potuisse
809 4281 946 4354 apparet.
981 4274 1121 4352 Plerique
1138 4279 1242 4353 priore
1258 4273 1378 4334 locone-

260 4373 359 4433 lerunt
378 4383 409 4433 et
425 4395 488 4435 voe.
502 4369 573 4435 Sibi
589 4379 620 4436 in
638 4381 821 4456 superiorem
835 4397 953 4438 versum
965 4383 1169 4451 retraxerunt;
1194 4396 1251 4453 ego
1269 4381 1377 4438 retente
