2960 5012
281 443 319 504 18
790 443 884 501 suun
1206 451 1245 522 11,
1256 455 1281 522 u,
1293 455 1396 510 ue-ee

764 634 906 700 Euclio

276 737 375 805 Uenit
400 739 463 805 hoo
486 740 574 822 mihi,
597 739 785 824 Megadore,
823 743 856 807 in
884 751 1040 826 mentem,
1069 752 1103 814 te
1132 770 1201 815 esse
1229 751 1392 820 homiuem

991 855 1133 936 divitem,

275 956 480 1039 Fectiosum3
511 978 562 1022 me
592 963 702 1022 sutem
729 978 801 1023 esse
831 957 993 1028 homiuem
1021 985 1202 1048 pauperum
1231 987 1370 1052 pauper·

985 1092 1121 1137 numum.
1343 1093 1396 1146 220

273 1177 367 1242 Nunc
390 1176 418 1242 si
440 1175 540 1241 filiam
561 1175 715 1242 locassim
737 1195 843 1240 meam
865 1175 936 1256 tihi,
960 1179 993 1243 in
1016 1187 1158 1245 mentem
1179 1183 1279 1262 uenit,

273 1283 318 1350 Te
329 1284 448 1350 bouem
460 1305 532 1350 esse
544 1290 578 1349 et
589 1305 640 1349 me
653 1304 724 1349 esse
737 1283 890 1366 asellum3
904 1285 961 1350 ubi
973 1293 1081 1352 tecum
1099 1289 1290 1356 eoniunotus
1302 1295 1393 1374 siem,
1473 1331 1474 1376 3

275 1393 337 1459 Ubi
360 1413 441 1458 onus
463 1413 623 1476 nequeam
644 1391 729 1458 ferre
746 1393 878 1476 pariter,
903 1395 1028 1459 iaceam
1047 1417 1105 1479 ego
1125 1397 1235 1463 asinus
1252 1400 1286 1464 iu
1304 1401 1389 1483 luto;

272 1501 320 1566 Tu
332 1523 383 1567 me
394 1502 454 1567 bos
466 1502 569 1585 megis
580 1501 669 1566 houd
679 1501 845 1583 respicies,
865 1509 982 1584 gnatus
1000 1505 1095 1586 quasi
1106 1527 1281 1590 numquam
1300 1512 1389 1576 siem.
1473 1521 1474 1574 t

270 1611 314 1676 Et
335 1617 369 1676 te
391 1615 467 1674 uter
488 1610 659 1692 iniquiore,
683 1615 717 1674 et
739 1631 829 1674 meus
852 1631 902 1674 me
926 1611 1005 1676 ordo
1028 1613 1179 1694 irrideat3
1340 1637 1393 1690 225
1473 1643 1474 1678 t

270 1719 433 1785 Neutruhi
455 1717 596 1784 habeam
618 1717 737 1784 stabile
760 1717 935 1798 stabulum,
959 1721 986 1784 si
1009 1721 1088 1802 quid
1111 1721 1234 1787 diuorti
1255 1722 1342 1807 sust,

269 1828 363 1894 Asini
384 1828 547 1893 mordicus
569 1847 620 1892 me
642 1825 803 1906 scindent,
827 1825 930 1891 hones
953 1829 1122 1895 incursent
1144 1830 1306 1899 cornibus.

269 1937 340 2003 Hoc
351 1941 538 2020 magnumst
548 1935 714 2020 periclum,
738 1955 789 1998 me
806 1934 848 1999 sb
861 1935 962 2000 asinis
976 1935 1018 2000 sd
1030 1936 1133 2003 hones
1145 1941 1390 2008 transcendere.

708 2087 947 2172 Megadorus

269 2199 373 2278 Quam
396 2199 439 2266 sd
461 2197 582 2283 probos
605 2197 849 2282 propinquitate
872 2220 1030 2282 proxume
1053 2205 1086 2266 te
1110 2201 1307 2284 adiunxeris

267 2308 349 2374 Tam
378 2312 588 2393 optumumst.
643 2303 692 2368 Tu
723 2305 946 2371 condicionem
976 2305 1061 2372 hano
1084 2310 1205 2394 sonipe,
1235 2313 1389 2378 ausculto

980 2415 1068 2497 mihi,
1336 2439 1390 2492 230

267 2521 375 2601 Atque
398 2541 470 2585 eam
493 2520 658 2605 desponde
681 2519 769 2584 mihi.
1472 2503 1473 2522 ¹

755 2668 900 2736 Euclio

695 2776 738 2840 At
759 2777 842 2841 nihil
864 2783 915 2842 est
938 2778 1025 2844 dotis
1049 2782 1136 2864 quod
1161 2781 1243 2846 dem.

705 2929 948 3014 Megadorus

1217 3043 1268 3109 Ne
1292 3046 1375 3112 <lues

262 3153 349 3217 Dum
370 3148 466 3216 modo
489 3153 617 3213 moratu
638 3155 728 3214 reete
749 3151 865 3230 ueniet,
889 3150 1038 3215 dotatast
1064 3151 1155 3215 sotis.
1377 3099 1388 3128 ’

749 3280 805 3345 Eu
818 3281 896 3346 olio

261 3390 310 3455 Eo
333 3391 416 3471 dieo,
439 3411 480 3456 ne
503 3411 554 3455 me
577 3390 769 3456 thensauros
791 3389 976 3472 repperisse
1000 3409 1144 3455 censeas.

702 3538 941 3621 Megadorus

261 3646 359 3730 Novi;
383 3669 423 3713 ne
446 3648 574 3714 dooess.
619 3647 804 3730 Desponde.

750 3777 898 3842 Euclio

842 3885 925 3949 Fiat.
970 3884 1034 3950 Sed
1055 3905 1114 3968 pro
1137 3883 1300 3968 Iuppiter!

259 3996 346 4062 Num
368 4017 428 4080 ego
451 3995 607 4079 disperii?

327 4254 377 4306 220
394 4269 439 4306 me
457 4251 525 4304 item
603 4251 653 4304 223
670 4249 760 4303 honus
848 4251 897 4304 226
917 4249 1026 4304 deuerti
1106 4251 1156 4304 227
1175 4265 1219 4302 me
1238 4248 1382 4304 mordicus

258 4337 307 4390 235
325 4335 399 4390 Num
417 4354 469 4404 ego
489 4335 604 4405 disperii
620 4337 758 4405 superiori
774 4338 866 4391 versui
883 4336 1030 4391 adduntur.
