2956 5010
235 495 297 557 534
726 493 863 550 coemo.

234 705 340 764 perum
362 689 458 759 recte,
492 686 660 748 Phaedromi
683 695 744 762 est,
773 695 808 750 ut
834 691 919 750 codd.
943 689 1120 766 significent.
1176 689 1350 750 Adolescens
1461 689 1462 692 ’

164 825 172 840 ·
234 790 273 850 sd
300 788 440 866 frigidum
470 791 550 848 serui
576 790 673 850 iocum
702 791 887 869 respondens
917 791 1018 868 „Age“
1043 795 1143 870 inquit
1167 794 1257 864 „deos
1278 793 1350 851 selu·

234 893 320 967 tebo;
350 891 399 952 hic
426 894 505 950 enim
535 885 663 960 Veneris
685 908 743 954 ara
764 891 841 954 cst“.
886 895 948 956 Nec
972 915 1073 954 verum
1095 915 1176 954 orem
1199 893 1350 970 significet,

234 995 288 1055 sed
310 997 410 1054 emices
431 993 657 1054 habitationem.
712 977 818 1074 Itoonc
839 1017 914 1071 non,
943 1003 978 1058 ut
999 999 1090 1073 vulgo
1112 999 1225 1071 solent,
1253 999 1284 1056 in
1305 1015 1352 1054 cx·

234 1103 331 1158 tremo
353 1117 452 1166 versu,
475 1097 526 1156 scd
549 1103 618 1174 post
640 1099 688 1158 ccc
708 1100 889 1178 interpunxi.
934 1099 1020 1161 Anu
1041 1095 1160 1160 horunc
1180 1097 1214 1172 (i.
1232 1119 1257 1158 e.
1277 1100 1353 1158 leno·

234 1204 281 1260 nis
303 1199 436 1275 familie)
458 1197 542 1277 son's
563 1197 655 1272 uoui,
678 1203 790 1278 inquit,
814 1217 863 1262 me
883 1201 1004 1281 inferre
1028 1201 1061 1278 (i.
1085 1224 1109 1262 c.
1133 1203 1305 1274 inlaturum,
1328 1221 1355 1260 ι.

235 1305 282 1364 ed.
295 1306 380 1362 Asin.
396 1300 470 1376 597)
492 1298 689 1377 molum,
713 1307 732 1362 i.
751 1325 776 1366 e.
795 1305 894 1366 cibum
916 1309 1109 1378 matutinum
1132 1306 1234 1364 riuum
1256 1309 1355 1364 eutem

234 1406 392 1485 significet,
416 1425 475 1483 quo
493 1407 660 1465 ianitriccm
680 1407 788 1466 elicere
805 1415 836 1468 et
852 1409 972 1485 plecnre
989 1409 1106 1482 studet3
1128 1406 1203 1476 iam,
1223 1409 1357 1485 quemvis

234 1509 364 1568 nondum
388 1508 466 1568 ndsit
488 1511 667 1568 matutinum
689 1515 816 1588 tompus.
838 1541 881 1552 -·-
904 1515 954 1572 73.
977 1511 1087 1576 Versus
1110 1515 1282 1588 corruptus,
1304 1530 1358 1568 nec

235 1613 414 1672 medicinam
443 1610 530 1670 effert
559 1611 673 1672 Nonius
701 1633 732 1690 p.
759 1615 818 1672 126
849 1633 872 1674 s.
896 1635 923 1672 v.
947 1615 1075 1674 ieotere:
1114 1613 1257 1688 „Plautus
1287 1611 1357 1670 Gur·

236 1715 366 1776 culione:
404 1713 477 1791 quid
505 1719 574 1772 ente
595 1733 690 1792 pones
711 1714 821 1775 Ueneri
843 1713 1023 1778 ienteouli?“
1070 1717 1145 1776 Nem
1168 1719 1231 1776 eive
1253 1717 1358 1789 iungas

239 1818 331 1895 ,quid
352 1811 526 1888 ientocnli“,
550 1817 613 1876 sive
635 1836 701 1876 cum
722 1817 868 1877 Lombin'o
893 1819 986 1896 „quid
1008 1825 1174 1897 antepones
1191 1837 1248 1896 pro
1264 1819 1358 1876 ienta-

235 1917 321 1980 cnlo“
347 1918 473 1988 scribon,
507 1919 602 1978 totius
629 1920 688 1980 loci
716 1909 796 1980 rstio
822 1925 916 2000 perit;
950 1941 1017 1982 nem
1039 1941 1068 1982 v.
1092 1920 1359 1980 crescentionis

234 2043 296 2082 non
330 2017 453 2099 „quid“,
486 2021 539 2080 sed
571 2019 639 2095 ,',t0“
676 2022 825 2082 obiectum
858 2025 979 2085 misse.
1015 2025 1168 2084 Pontnnue
1200 2023 1358 2094 intellexit

235 2125 408 2184 Palinurum
428 2124 494 2182 beri
512 2143 678 2184 sermonem
696 2127 740 2184 ite
762 2127 906 2201 cavillari,
929 2133 964 2186 nt
984 2143 1034 2186 me
1055 2147 1113 2186 non
1136 2147 1192 2204 pro
1215 2126 1358 2198 subiecto,

236 2229 289 2288 sed
315 2247 372 2304 pro
401 2226 519 2288 obiecto
546 2225 632 2284 verbi
659 2222 779 2305 inferre
806 2235 935 2308 cuperet.
985 2229 1062 2290 Eum
1084 2235 1204 2290 secutus
1226 2229 1272 2288 ΡΙ.
1295 2229 1359 2287 ed:

236 2326 358 2406 ,Quint
395 2350 432 2388 en
461 2335 492 2386 te
519 2347 613 2407 pones
640 2327 750 2390 Ueneri
777 2333 837 2389 ism
865 2332 1046 2393 ientaculo“.
1101 2331 1159 2392 Sed
1192 2329 1266 2406 „sn“
1292 2339 1361 2409 post
1462 2319 1463 2342 ¹

240 2431 348 2511 ,quid“
371 2451 496 2508 pravum
514 2437 567 2504 est,
592 2451 684 2510 quere
701 2433 772 2492 olim
790 2437 989 2496 coniecernm:
1016 2436 1113 2510 ,Quid
1130 2441 1165 2494 tu
1181 2439 1213 2494 te
1229 2433 1360 2512 pones“;
1462 2521 1463 2524 Ἴ

234 2535 371 2596 Mulier:
411 2533 530 2607 ,Quint
564 2541 596 2593 te
624 2534 825 2613 antepones“;
860 2559 893 2598 ec
916 2558 987 2598 eene
1014 2537 1215 2616 anteponendi
1236 2537 1360 2596 verbum

234 2640 360 2698 retineri
388 2637 495 2708 debet,
530 2637 566 2696 ci.
596 2637 676 2696 Men.
706 2641 777 2698 271.
821 2639 899 2700 Rnd.
925 2643 996 2702 509.
1040 2641 1126 2714 Quod
1153 2647 1252 2700 entem
1283 2643 1360 2712 ,iem

235 2737 401 2801 ienuculo“
427 2741 544 2810 retinet,
568 2739 651 2798 nullo
674 2761 761 2800 ceusu
783 2747 830 2800 ert
851 2763 904 2803 cnr
925 2743 1021 2818 ,iem“
1043 2765 1080 2804 ex
1098 2747 1254 2822 superiore
1270 2763 1360 2803 versu

235 2849 400 2922 repetetur.
450 2842 544 2902 Immo
571 2861 696 2919 pravum
723 2843 798 2902 illud
827 2859 847 2906 α
874 2853 971 2906 ortum
1000 2847 1118 2906 videtur
1145 2867 1182 2904 ex
1204 2847 1246 2917 te,
1279 2845 1360 2923 qnod

235 2947 338 3007 obesse
360 2965 419 3006 non
441 2951 552 3022 potest.
596 2945 708 3004 Eodem
731 2945 846 3010 Gertuii
874 2952 1024 3010 sententie
1045 2950 1112 3009 fuit.
1140 2979 1184 2990 —
1212 2951 1262 3007 74.
1291 2943 1357 3020 Hc,

237 3051 266 3110 te
287 3051 380 3128 atqm
400 3044 492 3110 hocce
514 3063 637 3121 ornnes,
668 3052 688 3111 i.
713 3058 956 3132 elspectntoree.
1007 3051 1114 3112 Omnis
1140 3071 1299 3129 omnesque
1326 3071 1358 3108 se

235 3151 344 3212 Veneri
366 3149 600 3212 secrilicstnrum
622 3151 711 3227 dicit;
745 3175 799 3214 nec
821 3159 933 3216 iniurio
954 3173 1056 3215 servus
1078 3153 1254 3232 respondet,
1283 3173 1356 3224 eom,

235 3257 261 3316 si
282 3263 344 3314 tem
366 3255 462 3314 multe
484 3255 690 3330 devoraverit,
720 3260 899 3318 vomiturem
917 3277 990 3318 cese.
1007 3287 1050 3298 -
1072 3259 1124 3318 75.
1144 3273 1250 3334 petere,
1272 3275 1300 3315 v.
1319 3256 1357 3314 ed

234 3360 403 3431 minute.
422 3389 463 3400 —
479 3355 580 3432 sim,
604 3360 640 3418 ci.
654 3361 694 3420 82
713 3367 743 3420 et
760 3361 837 3422 Rnd.
858 3363 948 3434 1319,
972 3366 1018 3420 est
1038 3379 1091 3420 ves
1107 3362 1254 3419 vinarium
1271 3379 1357 3437 gren-

236 3462 311 3535 diue,
334 3467 370 3520 ut
392 3463 435 3520 sit
454 3461 549 3522 Varro
567 3462 601 3522 L.
621 3460 656 3522 L.
674 3464 709 3536 V,
730 3467 800 3538 123,
825 3465 876 3543 qni
897 3469 1004 3524 neutro
1026 3481 1134 3538 genere
1155 3465 1254 3522 sinum
1276 3461 1357 3520 dicit.

235 3565 311 3624 Item
328 3565 409 3641 opud
426 3564 570 3626 Priscian.
589 3565 639 3640 Vl,
661 3569 711 3640 ⁷8,
730 3587 760 3645 p.
775 3569 836 3628 262
850 3587 894 3644 eq.
907 3567 962 3627 Η.ι
989 3567 1103 3641 „Varro
1120 3565 1157 3624 dc
1174 3567 1239 3624 vito
1256 3564 1357 3643 populi

235 3667 362 3728 Romani
384 3666 462 3725 libro
486 3667 517 3726 I:
546 3668 599 3728 ubi
623 3675 690 3728 eret
712 3672 815 3730 vinum
837 3674 868 3729 in
890 3689 992 3730 mense
1013 3671 1147 3748 positum
1171 3674 1223 3727 ont
1246 3667 1358 3743 geleclr

235 3775 288 3830 eut
315 3765 445 3830 einum“.
489 3769 579 3846 Verg.
603 3770 673 3832 Buc.
698 3773 734 3843 7,
765 3773 814 3831 33.
859 3771 978 3844 Loewe,
1015 3772 1162 3848 Prodrom
1185 3791 1215 3850 p.
1240 3773 1300 3831 256
1322 3790 1357 3828 ex
1463 3815 1464 3826 .

234 3873 313 3932 libro
325 3873 492 3948 glossarum
504 3872 607 3932 offert:
635 3873 750 3948 „Sinon
768 3895 821 3934 vos
837 3880 973 3934 testeum.
1007 3873 1105 3934 Plent.
1118 3873 1204 3933 Gurc.
1218 3869 1259 3948 (v.
1273 3869 1355 3946 82)“.

236 3979 285 4036 76.
310 3975 414 4036 custos
435 3969 516 4036 solet
536 3979 708 4054 transposui
725 3997 828 4036 versus
845 3997 948 4050 ceuse3
977 3977 1144 4053 superiores
1165 3977 1263 4049 ,solet
1279 3975 1355 4035 cubi·

234 4075 330 4151 tere“,
355 4080 418 4138 sine
441 4095 563 4138 caesurn.
585 4107 629 4118 -
652 4080 701 4138 77.
726 4073 774 4140 eet
794 4083 971 4157 correptum,
995 4081 1053 4138 nisi
1075 4085 1128 4137 unt
1151 4078 1252 4138 delere
1274 4078 1355 4137 melis

234 4185 286 4240 sut
308 4186 518 4258 transponere,
550 4188 586 4240 ut
607 4180 653 4240 Fl.
679 4177 894 4256 „Leeenoeet“.
945 4181 991 4242 Fl.
1015 4187 1114 4241 nutem
1136 4185 1252 4259 primns
1273 4181 1354 4239 intel·

234 4283 310 4344 texit
331 4277 456 4347 Leoenoe
476 4301 585 4344 nomen
607 4283 741 4344 mulieris
759 4303 839 4356 esee;
861 4285 1029 4361 superiores
1050 4283 1159 4356 ,lenae“
1180 4283 1353 4352 scribebant,
