2956 5010
254 539 315 600 584
498 551 500 556 “
746 535 881 589 Curculio.

251 725 374 789 soluere
396 729 548 802 dicebant,
578 731 613 788 ci.
639 731 709 789 718.
734 731 805 789 376.
849 730 935 802 Quod
964 731 1036 808 quis
1057 737 1089 789 st
1111 733 1170 808 ipsi
1193 731 1301 808 Lyconi
1323 735 1369 790 iu·

250 833 372 890 famiam
394 831 523 889 laturum
546 837 620 905 erat,
645 833 731 891 amici
752 853 818 890 eum
841 829 1061 908 compulerunt,
1085 836 1103 893 i.
1123 855 1149 894 e.
1167 837 1196 892 ci
1217 855 1369 912 persuase-

250 941 335 1008 runt,
366 935 551 1008 scisceret,
579 935 631 994 sed
654 938 768 1012 potius,
798 955 864 1011 quta
886 935 966 995 (lomi
989 936 1113 995 haberet
1135 943 1166 995 et
1189 937 1365 996 abscondere

252 1033 382 1115 cuperet,
405 1042 565 1114 promeret.
611 1033 711 1110 dom0,
735 1041 754 1096 i.
779 1058 804 1098 e.
829 1038 866 1096 de
888 1059 951 1112 suo,
980 1040 1015 1100 cf.
1039 1039 1146 1116 Amph.
1171 1040 1242 1099 631.
1289 1039 1369 1099 Paul.

250 1143 281 1200 in
310 1141 425 1215 Digeet.
454 1140 526 1213 XII,
553 1143 584 1212 1,
608 1143 664 1199 40:
702 1139 754 1214 „L.
783 1141 879 1199 Titius
907 1143 1014 1218 scripsi
1040 1163 1087 1200 nee
1115 1145 1264 1220 accepisse
1292 1163 1310 1200 a
1337 1142 1369 1200 P.

251 1245 358 1303 Maevio
381 1243 551 1320 quindecim
573 1247 677 1301 mutus
698 1249 854 1302 numerata
875 1243 948 1303 mihi
971 1244 1008 1302 de
1028 1241 1146 1318 domo“,
1169 1247 1189 1304 i.
1203 1266 1228 1304 s.
1246 1245 1283 1303 de
1303 1265 1370 1303 ores

253 1347 375 1420 domini,
397 1367 457 1405 non
480 1344 517 1404 de
540 1365 641 1404 menae
663 1348 835 1423 argentarii.
858 1377 901 1388 —
932 1349 1002 1406 683.
1030 1363 1088 1406 uos
1110 1349 1140 1405 in
1162 1348 1196 1406 B.
1220 1349 1369 1418 omissum,

252 1453 303 1511 sed
325 1450 458 1509 additum
483 1447 584 1506 eadem
607 1469 705 1509 mauu.
729 1477 771 1488 -
794 1451 865 1509 684.
889 1445 993 1526 Atque
1012 1465 1215 1523 ...atumem
1239 1450 1303 1510 hsce
1323 1451 1369 1508 Fl.

251 1553 427 1612 Phaedromo
436 1549 551 1624 tribuit,
571 1553 654 1609 euius
665 1553 709 1609 rei
721 1553 867 1611 rationem
879 1553 1007 1628 requiro.
1021 1583 1062 1594 -
1076 1557 1146 1612 685.
1171 1554 1306 1612 Alterum
1319 1554 1371 1612 aul

251 1655 445 1715 omittendum
458 1673 522 1712 esse
540 1660 673 1730 apparet.
708 1654 817 1714 Versus
835 1657 923 1714 etiam
943 1656 1057 1728 suadet,
1075 1661 1109 1714 ut
1126 1671 1182 1733 epo
1198 1659 1369 1725 omittetur;

251 1763 398 1836 practerea
420 1756 503 1814 nulla
528 1757 692 1815 mutatione
715 1776 789 1834 opus
812 1764 865 1832 est,
889 1779 1065 1836 quamquam
1090 1759 1142 1816 alii
1165 1759 1256 1817 verba
1273 1767 1369 1817 trans·

251 1865 431 1940 posuerunt,
460 1859 579 1918 Mulier.
607 1857 720 1933 „Quid
745 1863 875 1938 scripsit.
930 1857 1023 1936 Ostia,
1053 1862 1089 1920 ci.
1115 1864 1186 1920 343.
1236 1862 1371 1920 Minatur

252 1965 389 2022 mileses
412 1982 446 2020 eo
475 1962 562 2021 modo
592 1963 728 2021 lenonem
749 1969 899 2022 torturum
931 1983 1008 2036 csse,
1038 1983 1097 2042 quo
1126 1965 1189 2042 pila
1212 1966 1369 2041 catapultis

253 2071 346 2126 eiecta
368 2071 578 2142 torqueantur3
613 2067 771 2123 eliciuntur
794 2073 893 2124 autem
910 2068 1067 2124 tormentis
1085 2067 1132 2124 vel
1150 2069 1251 2126 nervis
1272 2069 1368 2126 tortis.

252 2202 293 2211 —
314 2173 384 2230 686.
408 2169 480 2227 Post
498 2163 643 2246 torquebo
660 2168 760 2226 hiatus
777 2171 808 2226 in
825 2169 951 2226 diaeresi.
1002 2169 1127 2228 Versum
1151 2169 1238 2228 affert
1259 2170 1369 2228 Nonius

252 2295 282 2352 p.
308 2275 367 2333 552
392 2274 500 2330 omisso
523 2289 585 2329 voc.
613 2269 765 2344 „itidem“.
779 2301 819 2310 —
839 2275 909 2330 687.
933 2273 1002 2330 Alia
1024 2273 1110 2330 miles
1132 2273 1252 2330 vincula
1274 2273 1368 2330 lenoni

252 2380 391 2434 minatur.
431 2374 507 2432 Edd.
530 2373 609 2432 huuc
634 2395 752 2432 versum
775 2375 949 2433 Phaedromo
972 2373 1134 2447 dederunt,
1158 2362 1263 2452 parum
1287 2383 1367 2452 ερας

253 2478 317 2538 cod.
341 2477 366 2535 B
388 2483 467 2536 recte
495 2477 584 2535 militi
614 2481 778 2536 continuat.
829 2471 971 2536 Delicale‘
997 2477 1125 2535 hominis
1153 2484 1199 2534 est
1229 2478 1368 2536 accuban-

252 2588 312 2639 tem
334 2580 390 2638 sibi
413 2580 552 2638 catellum
574 2579 698 2651 habore,
723 2580 775 2638 sed
794 2573 922 2639 catellus
938 2585 985 2638 est
1000 2583 1090 2638 etiam
1107 2581 1259 2638 vinculum
1278 2581 1368 2658 quod·

253 2685 323 2742 dum
352 2683 495 2750 ferreum,
529 2701 557 2741 v.
581 2682 661 2740 Fest.
690 2682 746 2759 Ep.
776 2703 804 2758 p.
829 2685 885 2740 45:
923 2681 1063 2754 „Catulus
1097 2701 1189 2757 genus
1221 2683 1368 2760 quoddam
1476 2653 1477 2712 l

252 2786 373 2858 vinculi,
396 2785 448 2861 qui
470 2783 618 2874 interdum
641 2787 723 2842 cauis
745 2781 948 2862 appellatur“‚
972 2785 1007 2843 ci.
1026 2785 1125 2844 Oasin.
1147 2787 1223 2844 366:
1249 2805 1366 2859 „canem

253 2896 284 2949 et
306 2889 416 2948 furcam
440 2885 548 2946 ferant
574 2917 611 2928 -
638 2889 708 2946 688.
744 2882 860 2947 Fcrreo
882 2887 920 2946 sd
946 2883 1089 2960 „catello“
1114 2889 1367 2947 accommodatur:

254 2993 342 3052 Both.
355 2991 400 3049 Fl.
417 2985 599 3065 „ferreum“;
622 2993 672 3049 vix
689 3012 772 3069 opus,
786 2992 822 3051 ci.
837 2993 907 3050 674.
918 3019 961 3030 ·-
978 2987 1024 3050 At
1040 3006 1095 3067 eqo
1113 3007 1180 3060 recu,
1204 3012 1243 3050 sc.
1255 2991 1367 3050 faciam.

254 3127 295 3135 -
311 3089 449 3166 robiate,
473 3113 509 3150 ex
525 3094 632 3152 robore
655 3095 718 3152 sivo
740 3113 851 3169 quercu
873 3094 960 3168 facto,
985 3095 1021 3152 cf.
1045 3094 1135 3153 Poan.
1157 3097 1253 3152 1161:
1278 3115 1367 3170 „quos

254 3219 309 3274 ego
331 3201 389 3256 iam
412 3195 568 3255 detrudam
679 3197 716 3254 ad
745 3195 898 3254 robustum
928 3195 1090 3255 codicem“.
1144 3197 1217 3256 lude
1242 3194 1364 3270 ,robur‘'

253 3321 307 3379 pro
330 3319 448 3359 carcere
470 3299 590 3358 Lucret.
614 3299 667 3372 III,
694 3299 783 3372 1017,
807 3298 888 3363 Fest.
906 3299 963 3376 Ep.
981 3321 1010 3378 p.
1030 3301 1101 3359 264.
1122 3329 1159 3341 -
1180 3301 1251 3360 690.
1278 3295 1367 3376 Quid·

253 3401 331 3482 quid
352 3405 407 3462 cst.
430 3402 541 3480 Gspp.:
563 3397 685 3475 „Quidi
707 3401 779 3478 quid
797 3397 884 3461 est?“
910 3403 959 3462 vix
977 3407 1066 3462 reete.
1100 3399 1168 3478 ipsc
1184 3397 1240 3460 ibit
1255 3399 1366 3478 poliret,

254 3528 340 3584 quom
359 3505 512 3578 trahatur3
536 3525 603 3563 nam
623 3505 711 3563 homo
728 3511 790 3563 tom
814 3505 932 3563 delicati
956 3507 1092 3583 corporis
1115 3525 1173 3564 non
1196 3507 1221 3562 is
1244 3512 1297 3578 est,
1320 3507 1366 3580 qui

207 3594 209 3599 ¹
253 3615 403 3669 tormenta
425 3613 454 3666 et
475 3608 535 3665 vim
559 3608 644 3665 ierat.
670 3639 707 3648 -·
739 3609 809 3666 691.
839 3607 927 3667 Miles
955 3628 1026 3666 vero
1056 3609 1151 3667 nihilo
1179 3611 1276 3666 minus
1306 3629 1367 3666 sum

254 3716 283 3772 vi
307 3713 426 3790 abripit.
472 3710 555 3769 Leno
577 3713 713 3786 queritur
734 3731 764 3768 ae
786 3711 880 3784 trahi,
914 3714 1050 3787 quamvis
1072 3731 1126 3770 nec
1152 3711 1263 3769 iudicio
1291 3711 1367 3770 dam·

254 3825 341 3876 natus
361 3819 401 3875 sit
419 3833 471 3872 nec
491 3816 679 3886 recusaverit,
704 3833 762 3890 quo
786 3817 882 3872 minus
899 3815 930 3871 in
948 3815 994 3871 ius
1011 3815 1076 3873 iret.
1117 3811 1292 3887 temtatur,
1314 3817 1366 3874 ie.

254 3920 380 3978 testibus
402 3937 461 3976 non
484 3916 643 3989 advocatis,
667 3917 749 3975 nulla
771 3917 968 3974 uutestotione
985 3917 1071 3989 lucto,
1095 3937 1123 3974 v.
1136 3937 1227 3993 supra
1246 3917 1283 3975 od
1301 3918 1366 3975 621.

258 4053 294 4063 -
318 4023 426 4081 Hiatus
447 4027 518 4099 post
540 4022 636 4098 pacto
664 4019 778 4080 vitandi
807 4039 895 4078 ceusu
916 4017 962 4078 Fl.
990 4015 1093 4098 ,hinc“
1118 4019 1219 4092 addit3
1253 4019 1368 4078 Mulier.

255 4126 377 4184 Nachtr.
395 4147 425 4202 p.
444 4127 500 4183 79:
528 4123 607 4197 ,‚ui“'.
630 4155 672 4166 -
694 4102 796 4197 abripi
817 4122 928 4180 Pareus
951 4124 1050 4194 tacite,
1075 4121 1161 4180 Both.
1182 4121 1227 4179 Fl.
1240 4151 1283 4160 -
1302 4124 1369 4181 692.
1466 4190 1472 4207 Ι

257 4223 299 4286 Tc
323 4227 441 4285 addidit
461 4227 541 4286 Brix.
565 4229 641 4287 Ano.
665 4227 737 4304 phil.
762 4225 811 4300 CI,
841 4246 871 4303 p.
895 4227 966 4283 765.
988 4253 1023 4264 -
1054 4226 1124 4283 693.
1148 4221 1367 4292 indemnatum,

256 4331 327 4387 olim
350 4330 547 4388 emendatum.
570 4359 613 4370 -
641 4332 712 4389 695.
741 4324 928 4403 Aesculapio
950 4323 1037 4401 lucie,
1069 4329 1151 4386 cuius
1180 4327 1253 4385 aedis
1277 4329 1369 4386 vicina

257 4439 318 4503 est3
353 4433 408 4491 uisi
431 4433 506 4490 forte
533 4431 643 4506 „hanc“
670 4433 871 4506 scribendum,
906 4431 941 4488 cf.
966 4431 1049 4508 Capt.
1076 4433 1134 4489 357
1159 4451 1223 4488 cum
1248 4437 1309 4490 not.
1331 4457 1371 4470 -
