2916 5006
273 515 337 576 404
760 505 921 562 Bacchides.

272 701 382 778 modi“‚
406 705 458 762 alii
480 709 510 762 et
526 704 653 764 Lorenn.
670 705 702 761 in
719 701 827 761 Philol.
845 701 967 776 XXXV,
990 723 1020 781 p.
1044 705 1120 763 177:
1146 702 1372 782 „quoiuisuodi“,

273 828 399 887 quorum
422 813 559 866 neutmm
586 806 733 883 intelligo.
784 805 1000 882 Amplectenda
1021 806 1140 865 videtur
1162 813 1214 865 aut
1235 806 1374 866 camerarii

273 913 421 988 scripture
456 906 507 980 (de
539 909 650 966 omissa
677 907 885 984 interrogandi
913 909 1060 984 particula
1089 909 1124 968 cf.
1149 909 1187 968 ad
1216 910 1294 969 Asin.
1315 907 1374 982 162)

274 991 360 1086 aut‚'
377 1031 436 1090 quo
466 1013 562 1070 minus
591 1010 628 1068 'de
657 1011 805 1069 sententia
833 1011 1001 1069 dubitetur:
1040 1011 1153 1084 „malus
1183 1011 1312 1070 bonusne
1336 1019 1375 1070 eut

274 1112 493 1193 quoiusmodi“.
554 1113 695 1172 Proximo
736 1118 834 1172 autem
866 1133 954 1172 versu
987 1113 1075 1172 facile
1104 1133 1199 1173 careo.
1262 1112 1291 1172 Si
1322 1133 1377 1172 vere

273 1219 429 1278 Plautinus
453 1223 505 1290 est,
529 1215 626 1274 labem
648 1219 806 1288 contraxit,
830 1237 898 1274 nam
920 1212 1100 1276 commodus
1117 1213 1323 1277 incommodus
1338 1210 1376 1290 (C)
1441 1241 1442 1288 3

273 1327 373 1380 versui
384 1325 548 1398 repugnat3
572 1314 852 1378 cosniucommodus
871 1315 920 1392 (B)
940 1327 1050 1392 autem,
1069 1319 1148 1396 quod
1166 1319 1274 1395 Bergk.
1286 1319 1377 1377 Philol.

274 1423 369 1495 XVII,
391 1441 421 1499 p.
448 1424 485 1481 53
509 1421 710 1494 commendat,
742 1423 828 1498 quasi
850 1441 868 1478 a
890 1423 966 1479 comi
989 1431 1018 1478 et
1042 1423 1231 1481 incommodo
1254 1423 1378 1500 composi·
1441 1425 1442 1450 ³

273 1531 352 1598 tum,
386 1529 421 1582 ut
449 1528 482 1584 in
509 1543 569 1582 uno
599 1523 740 1582 vocabulo
771 1521 836 1581 due
864 1543 911 1582 res
942 1527 1098 1582 contrariu
1129 1527 1302 1600 iungantur,
1331 1543 1379 1582 non
1441 1549 1442 1578 l

275 1626 486 1686 animadvertit
513 1625 653 1685 dilemma
681 1624 728 1682 hic
755 1627 897 1702 proponi,
928 1645 1052 1702 qnorum
1083 1627 1212 1686 alterum
1235 1626 1380 1686 membrum

275 1732 400 1790 alterum
418 1729 559 1788 excludit.
593 1727 787 1800 Hermunnns²
811 1725 845 1786 R.
861 1726 922 1787 Fl.:
950 1731 1064 1802 „tristis
1077 1727 1278 1790 commodus“.
1300 1729 1379 1805 Bugg.

275 1837 307 1893 in
329 1833 477 1892 Tidslsrift
499 1833 519 1892 1.
542 1830 692 1905 Philolqgi
714 1828 770 1902 VI,
798 1849 828 1906 p.
857 1831 871 1888 l
895 1833 1068 1907 proposuit:
1106 1835 1216 1904 „comis
1239 1835 1380 1892 incommo-

275 1935 362 2009 dns“,
385 1937 515 1994 numeris
536 1953 641 2010 parum
664 1933 772 2008 grstis3
801 1931 853 1990 sed
876 1933 951 1991 nihil
973 1935 1078 1993 melius
1101 1934 1206 2010 habeo,
1231 1937 1266 1996 ci.
1283 1957 1309 1995 v.
1321 1937 1380 1994 tos,

275 2071 316 2080 -
347 2041 417 2099 399.
440 2051 581 2110 smum,
611 2036 682 2094 olim
706 2033 901 2094 emendatum.
929 2065 972 2076 -
1001 2039 1072 2095 401.
1106 2035 1150 2095 De
1177 2041 1274 2116 primo
1295 2059 1381 2098 versus

275 2143 350 2222 pede
372 2141 433 2201 vid.
456 2139 573 2216 Proleg.
597 2158 626 2216 p.
653 2137 722 2196 184.
767 2136 880 2197 Ritsch.
905 2139 967 2198 ed:
995 2139 1074 2213 „Mei
1096 2145 1213 2216 patrem
1237 2143 1340 2201 sodalis
1359 2146 1381 2198 et

275 2247 461 2320 magistrum.
481 2242 625 2313 ausculto,
643 2260 732 2317 quam
744 2259 808 2298 rem
821 2239 941 2315 agant“.
971 2239 1032 2300 Fi:
1055 2241 1132 2312 „Mei
1147 2245 1380 2318 „magistrum

276 2347 451 2409 auscultabo
474 2345 543 2404 hinc
565 2365 594 2421 q.
617 2363 641 2402 r.
667 2339 712 2401 a.“

364 2451 435 2509 402.
471 2447 571 2523 Lydus
594 2443 788 2504 Philoxenum
812 2443 850 2503 ad
872 2445 1027 2505 Bacchidis
1050 2445 1128 2506 edes
1152 2445 1249 2524 ducit,
1283 2455 1316 2508 ut
1332 2449 1382 2507 suis

276 2553 371 2612 oculis
398 2550 453 2608 filii
481 2551 646 2627 nequitiam
669 2553 778 2606 cernat.
830 2546 867 2606 Se
896 2554 1086 2625 experturum
1115 2569 1178 2608 esse
1206 2554 1263 2624 ait,
1296 2557 1382 2610 utrum

273 2656 407 2733 graviter
440 2653 528 2710 irasci
556 2651 654 2729 possit
683 2669 795 2722 annon,
830 2650 866 2709 cf.
895 2651 964 2710 Aul.
988 2653 1065 2710 460:
1104 2653 1166 2726 „ita
1193 2655 1265 2712 mibi
1294 2659 1382 2732 peetus

272 2749 439 2836 peraouit“.
484 2753 543 2813 Sed
568 2771 637 2825 „cor
660 2757 774 2810 acetum
797 2748 879 2810 esse“
905 2753 1027 2812 Plautus
1050 2754 1178 2813 scribere
1201 2777 1262 2815 non
1284 2757 1382 2835 potuit:

273 2858 353 2932 Quid
375 2859 479 2930 fuerit,
508 2856 641 2916 ostendit
671 2855 777 2914 Pseud.
803 2856 880 2912 744:
920 2855 1054 2933 „Ecquid
1081 2857 1169 2916 homo
1200 2859 1292 2917 habet
1319 2862 1382 2916 aceti

272 2967 305 3022 iu
326 2959 468 3040 pectore?
492 2959 552 3020 CH.
577 2963 675 3036 Atque
694 2955 885 3017 acidissimi“.
920 2957 1056 3016 Lambini
1076 2963 1248 3019 coniectura
1264 2957 1382 3034 „secut

273 3085 361 3144 quam
394 3066 507 3142 recepit
534 3061 585 3131 R.‚
628 3081 644 3120 e
673 3061 813 3120 Plautina
846 3061 1037 3138 simplicitate
1071 3061 1221 3122 abhorret.
1290 3063 1383 3123 Veram
1438 3083 1439 3130 i

270 3173 351 3228 viam
385 3166 531 3226 Gruterus
565 3167 713 3242 ingressus
751 3160 907 3240 „peracre“
951 3163 1071 3239 scripsit
1110 3164 1163 3222 sed
1200 3163 1293 3243 „per“
1330 3185 1383 3223 cun

270 3273 430 3348 negatione
464 3272 653 3329 coniunctum
686 3267 823 3343 languet,
859 3265 895 3325 of.
924 3265 992 3324 Aul.
1020 3267 1088 3324 179.
1146 3266 1244 3327 Credo
1281 3269 1383 3328 tersere

271 3470 354 3533 tum“
379 3480 425 3532 est
446 3475 538 3532 etiam
560 3471 641 3552 apud
657 3471 730 3530 Hor.
748 3469 810 3531 Sat.
827 3471 865 3544 H,
886 3473 913 3545 3,
935 3470 1004 3544 116,
1028 3476 1062 3529 ut
1081 3469 1258 3547 „acerbum“
1278 3471 1382 3532 Trucul.

275 3579 344 3649 181,
372 3571 526 3648 „seidum“
552 3573 659 3634 Pseud.
679 3574 699 3633 1.
718 3575 738 3633 1.
784 3573 869 3649 Lydo
892 3593 951 3632 non
974 3577 1044 3648 ucri,
1068 3574 1121 3633 sed
1144 3577 1292 3634 acerrimo
1313 3581 1383 3634 aceto

270 3681 303 3737 in
324 3678 380 3736 hac
401 3698 434 3736 re
464 3697 539 3755 opus
562 3697 625 3736 esse
647 3677 776 3736 videtur.
808 3705 845 3716 -
880 3677 951 3735 404.
988 3673 1078 3737 unice
1104 3679 1241 3736 restitnit
1262 3678 1381 3737 Botbius.

271 3809 315 3821 -
336 3781 408 3840 408.
437 3775 599 3856 perdidi&
632 3779 777 3855 dactylica
803 3797 864 3838 vox
892 3779 1015 3837 troohaei
1044 3779 1110 3840 loco
1138 3782 1240 3857 posita
1261 3779 1381 3844 offendit

270 3881 316 3944 Fl.
339 3889 470 3960 transp:
510 3881 661 3960 „perdidit
688 3882 773 3940 illum
802 3877 914 3953 istseo“‚
949 3901 1008 3958 quo
1032 3881 1163 3941 dieresis
1194 3883 1306 3941 interit.
1347 3877 1381 3938 Ne

270 3983 418 4044 Lambino
440 3985 562 4062 quidem
579 3985 680 4058 credo,
703 3985 803 4062 potius
827 3985 1028 4042 assensionem
1051 4005 1140 4062 quam
1164 3985 1378 4043 assentationem

271 4088 330 4148 dici
352 4087 478 4162 debere;
513 4091 585 4148 irati
615 4090 694 4147 enirn
723 4085 880 4164 paedagogi
908 4091 953 4144 est
975 4087 1094 4145 sortiter
1116 4087 1208 4164 loqui.
1265 4087 1296 4146 Si
1321 4080 1379 4162 qnid

270 4190 445 4250 mutandum
467 4193 522 4265 sit,'
544 4188 680 4268 „perdit“
706 4190 843 4248 scribam.
861 4217 904 4230 -
926 4190 998 4248 409.
1022 4183 1151 4264 Absque
1174 4189 1203 4248 te
1225 4189 1311 4259 esset,
1332 4189 1348 4244 i.
1358 4203 1377 4241 e,

270 4295 330 4352 nisi
357 4299 391 4352 tu
418 4313 514 4367 esses,
547 4313 616 4352 nam
644 4292 724 4373 apud
752 4291 890 4350 Plautum
921 4297 952 4349 et
981 4291 1153 4350 Terentium
1183 4285 1297 4368 absque
1322 4307 1377 4347 cou-
1434 4331 1435 4344 2

271 4396 385 4454 iunctio
407 4395 621 4456 condicionalis
644 4402 697 4470 est,
722 4394 758 4453 ol.
778 4394 862 4472 Gapt.
888 4395 959 4453 748.
993 4393 1074 4454 Men.
1097 4396 1188 4454 1001.
1223 4393 1300 4452 Pers.
1319 4389 1375 4448 833.

169 3367 171 3372 ’
271 3374 373 3446 fuisse,
396 3378 430 3431 ut
456 3365 669 3444 „teruenefice“
693 3369 772 3427 infra
796 3371 874 3440 8083
898 3387 926 3427 s.
951 3367 988 3426 ad
1010 3368 1078 3426 Aul.
1104 3369 1175 3429 317.
1216 3371 1311 3443 „Aere
1333 3389 1384 3429 ace·
1437 3431 1438 3438 1
