2956 5010
567 528 599 584 V.
618 531 760 587 aee-288.
1168 534 1228 594 549

104 728 178 786 980.
202 729 274 787 983.
314 726 406 786 Mero.
432 725 502 786 115.
542 725 624 785 Trin.
649 728 721 786 481.
744 755 786 766 -
810 727 880 785 883.
898 738 1033 800 propere
1055 723 1228 782 adverbium

103 834 157 902 est,
183 824 282 890 celere
300 829 490 902 adieetivum,
513 833 547 887 ut
569 829 637 888 Ter.
660 828 779 888 Phorm.
804 829 879 887 179:
906 819 1064 901 ,‚Nullus's‚
1088 825 1174 901 Geta,
1197 828 1230 886 ni

101 933 163 995 iam
186 931 308 1009 aliquod
329 932 387 991 tibi
412 931 566 990 eonsilium
589 931 684 989 celere
706 925 869 1007 reperies“.
914 930 1020 1007 Itaque
1042 949 1162 989 neeesse
1184 933 1230 988 est

103 1039 158 1092 eut
185 1031 382 1112 „properum“
408 1033 566 1106 scribatur,
590 1039 642 1092 sut
663 1029 810 1105 subibam,
833 1033 891 1092 boe
912 1038 1009 1092 autem
1027 1033 1122 1108 magis
1140 1031 1228 1090 Plau-

100 1139 200 1196 tinum
223 1137 355 1209 videtur,
380 1136 416 1194 of.
439 1135 521 1194 Pers.
548 1137 622 1195 584:
659 1137 705 1209 „ei
731 1135 789 1194 tibi
818 1136 910 1194 subiti
937 1135 1013 1194 nihil
1041 1129 1116 1194 est“.
1160 1133 1229 1192 Aul.

103 1241 177 1299 264.
229 1239 309 1298 infra
339 1239 409 1298 302.
438 1268 481 1279 -
515 1239 585 1298 284.
619 1235 664 1297 su
698 1238 769 1297 olim
803 1239 1003 1298 emendatum.
1053 1237 1114 1296 Neo
1147 1237 1229 1313 quis·

102 1363 209 1420 quum,
250 1343 364 1419 inquii,
405 1344 456 1418 qui
489 1339 562 1399 mibi
597 1340 763 1408 obstiterit,
800 1347 861 1400 tam
896 1341 1054 1420 opulentus
1087 1341 1145 1398 erit
1178 1343 1230 1397 sut
1305 1395 1306 1402 ,

100 1449 190 1504 tanta
211 1445 307 1521 gloria
328 1443 483 1522 preditus,
506 1447 540 1502 ut
563 1461 629 1501 oum
648 1463 707 1502 non
729 1445 902 1522 proturbem
926 1451 957 1503 et
973 1448 1114 1502 evertam.
1149 1441 1229 1519 Opu-

101 1549 206 1607 lentise
230 1547 366 1622 exempla
388 1565 442 1624 per
465 1547 681 1622 appositionem
706 1547 870 1607 adduntur:
903 1541 973 1606 Neo
994 1545 1151 1623 suaeque
1173 1549 1228 1604 eto.

103 1679 141 1690 -
174 1663 396 1727 ayoranomue,
435 1649 471 1708 of.
494 1647 580 1726 Capi.
606 1651 676 1709 817.
735 1643 891 1709 detnarcbe'
921 1649 1001 1727 spud
1031 1648 1230 1707 Athenienses

101 1754 213 1830 sepius
236 1757 515 1824 commemorantur,
546 1753 596 1828 qui
624 1755 697 1811 riois
725 1756 876 1830 praeerant
904 1755 934 1808 et
955 1755 1127 1810 vicenorum
1151 1753 1255 1808 outu‘

100 1855 188 1932 logos
200 1853 367 1925 hebebant;
392 1848 555 1926 comarchi,
575 1873 717 1931 pagorum
731 1853 881 1931 presides,
900 1858 926 1913 si
942 1855 975 1912 in
985 1855 1087 1912 Attice
1098 1851 1228 1924 fuerunt,

101 1959 232 2016 minoris
262 1958 351 2015 etiam
382 1958 520 2014 momenti
551 1956 687 2031 fuerunt3
721 1957 774 2015 sed
801 1959 904 2034 potius
933 1955 970 2014 ad
999 1956 1074 2014 alios
1102 1955 1230 2034 populos

100 2061 330 2137 pertinuerunt,
354 2060 480 2116 maxime
497 2057 669 2130 Dorienses,
694 2062 744 2137 qui
767 2061 857 2135 κώμας
873 2059 1021 2132 dicebant,
1045 2079 1118 2135 ques
1136 2058 1229 2117 Atho·

100 2163 223 2221 nienses
245 2161 352 2237 ἃήμους,
376 2181 404 2219 v.
426 2163 553 2220 Aristot.
572 2161 656 2220 Poet.
678 2164 705 2221 3.
729 2191 770 2202 -
796 2163 866 2221 287.
891 2157 995 2237 cupite
1015 2157 1118 2234 sistat,
1141 2181 1169 2220 v.
1190 2161 1229 2220 ed

101 2265 189 2344 Gapt.
210 2266 341 2323 781-
364 2259 402 2323 de
424 2259 543 2336 semita,
568 2283 607 2322 so.
628 2265 770 2336 deiectus,
794 2283 863 2346 nam
885 2265 992 2322 semita
1013 2283 1083 2340 pars
1105 2266 1161 2322 riae
1184 2267 1230 2323 est

101 2367 322 2426 ambulantium
350 2385 439 2424 eausa
466 2367 555 2424 altior
582 2365 676 2438 fecta,
716 2387 807 2444 quum
835 2367 935 2426 media
961 2385 1031 2442 pars
1060 2366 1228 2444 depressior

102 2476 133 2530 et
156 2469 293 2529 ourribue
316 2469 466 2528 destinate
488 2470 537 2528 sit.
587 2469 645 2527 Res
667 2469 716 2527 vel
738 2489 774 2527 ex
798 2469 984 2547 Pompeianis
1006 2469 1115 2546 plateis
1136 2471 1227 2544 vulgo

100 2579 183 2632 uota.
241 2571 284 2630 cf.
308 2571 399 2630 Mero.
431 2574 489 2631 113
515 2591 557 2648 sq.
592 2571 705 2648 „plenis
733 2575 846 2630 semitis
874 2576 926 2650 qui
956 2573 1115 2631 aduersum
1146 2578 1226 2646 eunt,

98 2675 260 2752 aspellito‚
290 2674 428 2746 detrude,
464 2675 589 2734 deturba
618 2677 650 2732 in
678 2673 789 2734 uiam“.
821 2672 870 2749 (de
894 2675 990 2734 Oasin.
1017 2678 1076 2735 646
1106 2676 1165 2735 vid.
1191 2675 1229 2734 ad

99 2795 170 2838 eum
192 2773 315 2850 locum).
365 2776 399 2835 L.
422 2777 478 2836 Iul.
502 2797 582 2835 mun.
612 2771 714 2854 (Corp.
737 2777 828 2838 lusor.
853 2778 919 2838 Lat.
944 2779 971 2850 Ι,
997 2777 1088 2852 206),
1118 2799 1146 2838 r.
1173 2781 1226 2838 53:

102 2881 237 2954 „Quoius
260 2886 329 2938 ante
352 2877 518 2937 aedificium
541 2883 645 2938 semita
666 2882 698 2938 in
720 2881 786 2939 looo
806 2885 872 2953 erit,
896 2883 921 2939 is
945 2903 1007 2941 eam
1032 2885 1167 2940 semitam
1191 2901 1226 2940 eo

100 2981 239 3042 aedificio
278 2987 424 3059 perpetuo
462 2981 614 3059 lapidibus
647 2987 820 3059 perpetueis
852 2985 994 3060 integreis
1029 2987 1228 3042 continentem

100 3090 284 3144 constratam
306 3092 387 3143 reete
408 3081 549 3143 habeto“.
595 3083 661 3144 Liv.
684 3083 721 3156 X,
746 3087 795 3158 23,
823 3087 876 3143 12:
905 3083 1082 3158 „(Censores
1106 3107 1132 3144 a.
1152 3083 1227 3158 296)

99 3191 240 3247 semitam
263 3207 336 3246 sexo
360 3187 506 3264 quadrato
529 3207 547 3244 a
570 3186 688 3265 Capena
710 3192 797 3263 porta
825 3187 863 3245 ad
886 3186 994 3247 Martis
1016 3185 1226 3262 straverunt“;

99 3293 199 3368 ipsam
215 3287 328 3363 „viam“
344 3290 447 3348 multis
465 3292 549 3348 annis
566 3295 634 3367 post
653 3287 692 3364 (a.
709 3292 777 3363 189,
790 3311 817 3348 v.
829 3289 996 3365 XXXVIII,
1011 3293 1060 3365 88,
1074 3289 1106 3364 3)
1126 3292 1227 3366 „silice

100 3393 291 3453 sternendam
321 3411 338 3450 a
365 3373 453 3470 porte
475 3393 595 3470 Capena
624 3393 662 3452 ad
684 3393 791 3453 Martis
820 3391 1024 3452 locaverunt“.
1070 3393 1129 3452 Cio.
1154 3393 1224 3470 Agr.

99 3497 139 3568 ΙΙ,
166 3498 215 3568 35,
240 3497 294 3554 96:
326 3495 470 3568 „Romam
492 3498 523 3555 in
545 3496 695 3554 montibus
718 3498 846 3573 positam
869 3501 899 3554 et
922 3497 1118 3570 convallibus,
1143 3517 1227 3555 oene-

100 3599 176 3658 oulis
206 3597 353 3656 sublatum
382 3605 412 3656 et
439 3619 626 3676 suspensam,
661 3620 722 3658 non
751 3602 872 3677 optimis
900 3603 971 3672 riis,
1006 3602 1227 3673 angustissimis

100 3702 224 3774 semitis,
247 3719 309 3776 pree
326 3720 379 3759 eus
397 3701 498 3779 Capua
514 3702 689 3778 planissimo
712 3705 743 3760 in
766 3702 831 3761 loeo
854 3703 1004 3780 explicata
1026 3723 1060 3762 ao
1081 3723 1144 3780 prae
1166 3704 1227 3762 illis

64 3821 65 3824 ’
100 3804 216 3864 semItis
238 3801 437 3863 irridebunt“.
492 3803 593 3863 Seneo.
616 3805 672 3882 Ep.
699 3807 753 3878 64,
780 3807 836 3864 1οε
873 3805 923 3879 „si
947 3807 1097 3864 consulem
1120 3805 1226 3864 videro

101 3915 156 3965 eut
178 3911 350 3982 pretorem,
449 3909 554 3966 semita
576 3904 710 3966 cedam“.
733 3937 775 3948 -
799 3909 869 3967 288.
895 3907 964 3967 Haeo
986 3913 1078 3984 poeta
1099 3907 1224 3966 Latinus

101 4009 139 4067 de
173 4028 226 4066 suo
259 4009 352 4069 addit.
409 4009 551 4082 Queritur
589 4009 625 4068 de
659 4010 844 4088 philosophis
878 4010 989 4070 Groeeis
1023 4011 1225 4069 ostentatione

102 4213 227 4289 deditis,
261 4234 317 4272 neo
347 4234 396 4306 eos
424 4215 509 4273 aliter
537 4219 749 4272 commemorat
771 4221 822 4274 aut
844 4216 982 4294 depingit
1003 4236 1092 4292 quam
1114 4215 1228 4274 leoiunt

101 4315 151 4374 vel
178 4316 331 4374 Iuvenalis
363 4317 413 4376 vel
440 4317 598 4375 Lucienus.
649 4313 706 4374 isti
734 4321 802 4377 cett.
834 4319 919 4378 codd.
978 4313 1111 4379 Palliati
1137 4319 1227 4396 vulgo

102 4417 200 4477 Graeui
234 4424 335 4492 erant,
377 4419 481 4494 operto
519 4425 619 4476 autem
655 4415 755 4494 capite
788 4441 847 4479 non
880 4419 975 4479 Graeoi
1009 4424 1102 4498 magis
1137 4441 1226 4498 quum
