2916 5006
567 513 601 569 V.
623 516 713 568 1-11.
1141 521 1201 582 461

72 713 184 791 Amph.
211 713 292 772 1002
316 716 347 770 00
367 710 447 769 infra
471 710 546 782 110,
582 709 633 786 qui
661 729 764 770 versus
793 709 910 787 prologi
933 711 1075 787 scriptori
1098 709 1203 770 obver-

74 825 159 878 satus
182 823 238 875 est.
261 843 305 854 --
333 814 431 885 2-8,
454 811 643 888 parenthesis
666 811 759 870 fuisse
777 812 897 872 videtur
915 812 1056 890 frigidum
1075 814 1204 890 aliquem

72 923 170 980 iocum
193 918 312 997 prologi
334 917 502 987 continens;
538 914 592 972 sed
613 909 669 974 Illi
690 923 864 992 corruptum
888 921 942 988 est,
973 937 1041 974 nam
1063 918 1125 975 sive
1147 935 1203 994 pro

72 1021 217 1084 adverbio
239 1021 348 1097 capias,
371 1023 442 1096 post
463 1013 521 1092 ltic,
544 1019 606 1076 sive
627 1037 683 1094 pro
706 1020 893 1095 pronomine,
917 1025 986 1078 ante
1008 1013 1042 1078 lu'
1063 1021 1204 1080 vitiosum

72 1129 122 1185 sit.
176 1124 238 1183 Fr:
276 1121 397 1198 „Uincti
425 1122 496 1198 qnia
525 1117 642 1178 astant“
682 1121 757 1180 coni.
787 1150 831 1162 -
866 1123 893 1180 3.
927 1116 998 1182 Hor
1030 1122 1204 1182 emendator

72 1227 187 1287 0001010
210 1225 250 1298 Β;
285 1226 376 1282 000001
409 1223 488 1296 „Vos
517 1219 624 1300 quos“.
652 1252 695 1262 -
726 1227 754 1282 5.
788 1238 846 1282 ruo
869 1217 940 1296 0001,
970 1244 997 1284 v.
1029 1225 1068 1284 00
1096 1226 1203 1304 Amph.

73 1333 149 1390 265.
173 1359 215 1369 -
238 1341 365 1403 operam
387 1322 479 1398 data,
503 1326 539 1384 of.
561 1327 610 1386 54.
636 1327 706 1384 612.
748 1327 832 1386 Asin.
855 1327 903 1386 14.
928 1327 990 1386 446
1014 1347 1079 1386 oum
1103 1335 1217 1410 aanor„

72 1433 159 1492 Trin.
174 1437 201 1492 5.
236 1430 300 1489 Mil.
314 1430 390 1490 774:
419 1431 573 1507 ,purgatis
591 1429 677 1488 ambo
697 1427 802 1486 damus
824 1429 882 1488 tibi
905 1449 1028 1506 operam
1051 1429 1204 1492 auribus“.

73 1538 115 1596 al.
138 1564 183 1574 -
212 1536 240 1592 8.
270 1527 416 1592 Alterum
438 1551 504 1589 oum
526 1551 656 1610 syncope
679 1531 935 1608 pronuntiandum
957 1533 1093 1606 ridetur,
1125 1535 1205 1594 Prol.

71 1659 104 1717 p.
130 1639 204 1698 211.
250 1630 377 1711 surpuit
398 1638 479 1706 item,
503 1633 582 1692 Prol.
605 1653 635 1711 p.
660 1635 731 1707 210,
754 1635 791 1693 cl.
814 1634 893 1694 infra
916 1637 987 1694 754.
1011 1665 1053 1676 -
1077 1638 1106 1696 9.
1129 1653 1205 1698 uen-

73 1737 159 1802 didit
190 1739 329 1798 ultimam
362 1736 516 1815 producit,
550 1757 578 1796 v.
608 1736 688 1796 Prol.
717 1757 748 1814 p.
781 1737 851 1796 196.
911 1731 998 1813 Alia,
1032 1739 1051 1797 i.
1077 1759 1101 1798 e.
1132 1739 1205 1812 Elis,

71 1843 188 1903 Dorica
214 1841 325 1914 torma,
359 1842 390 1898 in
418 1840 472 1898 hac
500 1839 601 1898 fabula
629 1844 815 1911 constanter,
851 1839 887 1896 cf.
919 1841 958 1898 24
988 1861 1053 1917 sqq.
1083 1871 1125 1882 -
1157 1846 1204 1903 10.

71 1947 152 2006 Post
178 1944 268 2020 patre
294 1943 410 2015 hiatus,
445 1962 473 2002 v.
497 1941 575 2000 Prol.
605 1961 635 2019 p.
661 1944 731 2002 219.
784 1939 933 2020 Geppert:
970 1943 1085 2014 „Huius
1116 1947 1205 2021 petri.

73 2049 180 2108 Iamne
202 2047 259 2106 hoc
281 2041 433 2104 tenetis?“
467 2046 537 2120 quia
563 2042 703 2116 ,Iamne“
726 2045 767 2102 sic
790 2043 880 2104 Poen.
901 2045 970 2103 116.
1005 2047 1113 2124 Amph.
1132 2049 1205 2121 481,

73 2150 130 2210 000
153 2148 223 2208 1000
245 2167 304 2206 000
326 2149 462 2224 sequitur
484 2147 692 2222 interrogandi
708 2147 887 2224 particulam
905 2167 1022 2226 semper
1038 2151 1205 2225 ponendam

73 2273 159 2326 esse,
190 2271 218 2310 v.
242 2251 281 2309 ad
302 2250 411 2327 Amph.
436 2251 507 2308 718.
538 2279 581 2290 -
612 2243 780 2324 Optumum
809 2251 865 2310 est.
916 2250 1105 2327 spectatores
1127 2255 1207 2311 enim

73 2363 155 2416 nntn
177 2352 396 2430 significarunt,
431 2373 462 2412 se
490 2351 566 2412 illud
595 2359 707 2412 tenere.
753 2352 835 2414 Unus
859 2359 958 2412 tamen
981 2374 1017 2411 ex
1039 2355 1154 2412 ultimis
1176 2360 1207 2412 et

73 2457 283 2518 remotissimis
305 2457 406 2514 renuit
422 2452 469 2514 v'el
487 2457 578 2514 etiam
596 2476 667 2515 voce
686 2455 849 2534 obstrepit;
873 2457 987 2516 scilicet
1003 2477 1109 2535 parum
1128 2457 1206 2517 01000

74 2560 204 2621 audivit.
248 2557 325 2616 Eum
353 2557 460 2617 histrio
490 2557 573 2616 abire
602 2558 687 2618 iubet
714 2561 816 2636 potius
845 2579 934 2636 quam
957 2579 988 2617 00
1011 2545 1053 2618 100
1077 2560 1206 2618 clamare

74 2667 174 2740 cogat,
197 2667 232 2720 ut
250 2666 406 2739 rumpatur
428 2665 459 2719 00
481 2681 552 2719 voce
575 2661 672 2720 fracta
694 2662 857 2721 mendicari
875 2667 1015 2737 cogatur,
1039 2663 1111 2738 quid
1129 2665 1206 2722 enim

74 2765 162 2826 alind
184 2765 282 2824 lacere
303 2767 405 2841 potest
426 2763 534 2822 histrio
556 2783 629 2822 voce
658 2763 789 2822 emisse?
833 2765 939 2841 Itaque
961 2765 1009 2823 hic
1031 2765 1068 2822 de
1091 2771 1207 2842 specta·
1323 2773 1325 2780 “

73 2875 144 2928 0000
167 2867 294 2926 molesto
317 2865 396 2924 idem
419 2869 570 2943 queritur,
602 2865 682 2943 qnod
704 2867 847 2944 prologus
870 2867 1073 2940 Phormionis,
1102 2887 1130 2926 v.
1158 2869 1206 2940 18,

76 2973 116 3032 00
139 2977 232 3049 poeta
254 2969 400 3028 malevolo
423 2969 594 3027 Terentium
618 2970 805 3043 exagitante:
844 2969 916 3041 „Ille
939 2968 978 3028 ad
999 2970 1106 3027 famem
1130 2969 1208 3028 hunc

75 3076 117 3136 ab
147 3073 247 3132 studio
276 3070 393 3130 studuit
420 3066 568 3142 reicere“;
603 3089 729 3148 eumque
765 3071 903 3130 similiter
931 3071 1095 3147 alloquitur
1117 3079 1206 3148 atque

75 3177 204 3236 Plautus
232 3173 296 3232 Mil.
321 3175 358 3234 81
390 3193 449 3250 eq.:
494 3172 570 3246 ,Qui
598 3179 698 3232 autem
731 3174 899 3232 auscultare
933 3172 1030 3246 nolet,
1066 3180 1207 3250 exsurgat

75 3281 176 3350 foras,
207 3276 248 3336 Ut
270 3279 311 3334 eit
332 3276 384 3334 ubi
407 3275 510 3334 sedeat
532 3275 599 3348 ille,
628 3277 679 3352 qui
702 3275 868 3334 auscultare
891 3271 986 3334 uolt“.
1032 3275 1096 3336 Hoc
1119 3277 1206 3336 intel·

75 3382 159 3440 lecto
186 3378 339 3438 Bentleins
372 3377 411 3437 00
445 3377 511 3436 Το0.
547 3377 654 3438 Ηο000.
684 3377 761 3455 prol.
792 3379 828 3435 31
867 3374 1049 3452 ,discedito“
1086 3380 1207 3455 scripsit

76 3503 137 3562 pro
169 3476 314 3554 accedite,
349 3480 429 3558 qnod
459 3479 545 3540 0000.
579 3481 729 3558 prebent3
764 3480 881 3538 facilius
914 3479 1003 3538 Both.
1039 3475 1206 3542 abscedite.

76 3583 264 3646 Ritschelius
293 3583 414 3659 quidem
441 3585 473 3641 in
496 3583 616 3659 Parerg.
641 3604 670 3661 p.
697 3585 758 3642 222
788 3581 923 3642 codicum
951 3585 1130 3661 scripturam
1159 3585 1208 3644 de-

76 3687 204 3747 fendere
227 3691 366 3758 conatur,
401 3685 596 3761 ultimumque
624 3687 709 3745 illum
737 3691 827 3762 putat
849 3686 885 3744 ab
909 3685 1056 3745 histrione
1084 3688 1207 3746 invitari

76 3797 113 3850 ut
144 3790 269 3866 propius
298 3787 435 3860 accedat,
470 3807 538 3846 nam
566 3789 591 3846 01
621 3788 745 3847 0000001
775 3788 857 3846 10000
885 3807 944 3846 000
967 3791 1021 3862 010,
1055 3795 1155 3849 tamen
1178 3793 1209 3849 in

77 3893 293 3972 proecmctione
315 3890 427 3948 theatri
449 3894 529 3948 stare
552 3909 618 3948 enm
641 3910 745 3968 poese;
769 3889 876 3966 quibus
892 3896 973 3950 recte
991 3891 1095 3950 obiicit
1114 3892 1208 3950 Eliius

80 3993 218 4072 (quicum
252 3993 400 4052 consentit
427 3991 566 4070 Spengel.
594 3991 702 4052 Philol.
731 3992 844 4067 XXIV,
875 4013 904 4071 p.
931 3988 1019 4069 175):
1058 3995 1100 4066 ,01
1134 3993 1210 4052 nihil

79 4095 166 4158 aliud
188 4115 278 4172 quam
302 4094 487 4154 clamandum
510 4099 540 4152 et
562 4093 753 4171 strependnm
777 4095 848 4169 fuit,
872 4101 906 4156 ut
928 4095 1063 4173 popello,
1088 4098 1141 4172 qui
1163 4115 1209 4154 re·

79 4199 246 4258 motissime
268 4203 351 4256 00000
372 4196 542 4274 spectabat,
571 4197 602 4254 in
630 4197 743 4271 000000
771 4217 866 4258 scente
888 4199 1042 4277 propiores
1070 4197 1209 4256 accedere

80 4304 197 4374 liceret,
221 4301 288 4377 quis
311 4317 372 4358 non
394 4294 573 4357 clamaret‘t“
616 4298 666 4373 Et,
690 4300 772 4376 quod
793 4303 1001 4374 gravissimum
1024 4309 1078 4374 eet,
1103 4294 1209 4360 00000-

81 4399 150 4466 lare
171 4422 232 4462 non
252 4408 333 4462 stare
354 4399 516 4476 significat,
544 4399 598 4460 sed
619 4401 716 4475 abire,
746 4421 774 4462 v.
800 4401 839 4460 ad
860 4405 943 4462 Asin.
970 4405 1028 4462 107
1053 4401 1139 4477 (locis
1163 4403 1209 4461 ibi
