2960 5012
437 695 761 782 intonandum
795 700 826 782 I.

160 901 263 968 Senex
285 923 415 970 auarus.
438 905 495 968 uix
517 904 581 970 sibi
603 905 747 987 credens,
768 906 893 987 Euclio,

158 1010 251 1076 Domi
275 1031 354 1076 suae
377 1011 540 1078 defossam
562 1013 672 1078 multis
696 1034 770 1078 cum
794 1013 912 1098 opibus

158 1117 274 1184 Aulam
295 1121 429 1197 inuenit,
451 1142 646 1205 rursumque
668 1123 798 1205 penitus
821 1123 985 1190 conditam

159 1226 323 1309 Exanguis
345 1248 455 1293 amens
478 1236 600 1294 seruat.
645 1229 724 1294 Eius
747 1229 849 1296 filiam

161 1333 340 1419 Lyconides
364 1337 508 1402 nitiarat.
554 1337 687 1402 Interea
709 1359 807 1402 senex

159 1442 364 1524 Megadorus,
389 1465 409 1508 a
433 1465 543 1510 sorore
568 1467 684 1511 suasus
708 1445 827 1511 ducere

157 1551 309 1646 Uxonem,
332 1555 425 1618 anari
447 1559 581 1636 gnatam
604 1554 754 1637 deposuit
776 1555 848 1619 sibi.

158 1661 267 1726 omns
291 1682 389 1726 senex
412 1662 468 1725 nix
489 1663 661 1745 promittit,
683 1667 783 1746 atque
808 1663 901 1728 aulae
923 1664 1042 1728 timens

159 1769 262 1834 Domo
285 1769 451 1834 sublatam
473 1771 575 1835 uariis
598 1769 763 1836 abstrudit
784 1770 875 1842 loeis.

158 1876 298 1942 Insidias
320 1899 433 1943 seruos
456 1875 536 1944 facit
558 1877 654 1942 huius
679 1877 862 1962 Lyconidis,

160 1983 220 2062 Qui
242 1987 404 2066 uirginem
426 1987 578 2066 uitiarat;
602 1993 701 2069 atque
723 1987 796 2070 ipse
819 1985 971 2051 obsecrat

160 2093 365 2158 Auoncnlnm
386 2093 598 2177 Megadorum
622 2094 753 2159 sibimet
776 2093 892 2158 cedere

159 2201 301 2266 Uxorem
324 2203 456 2267 amanti.
502 2201 565 2267 Per
587 2203 698 2268 dolum
720 2222 795 2266 mox
817 2201 931 2266 Euclio

161 2308 266 2386 Quom
288 2309 487 2392 perdidisset
509 2310 628 2389 aulam,
652 2311 819 2393 insperato
842 2310 977 2386 inuenit,

159 2417 346 2500 Laetusque
368 2424 480 2483 natam
503 2419 653 2484 conlocat
676 2417 842 2501 Lyconidi.

428 2740 754 2822 intonandam
790 2739 842 2821 ΙΙ.

159 2947 278 3012 Aulam
300 2953 467 3031 repertam
489 2949 561 3012 auri
584 2947 716 3033 plenam
738 2946 851 3011 Euclio

160 3055 201 3119 Ui
223 3076 348 3120 summa
372 3063 492 3136 seruat,
516 3057 643 3120 miseris
667 3055 817 3121 adiectus
839 3054 953 3120 modis.

159 3161 342 3247 Lyconides
364 3164 461 3228 istius
484 3165 584 3228 nitiat
605 3163 706 3227 filiam

158 3271 238 3336 Uolt
260 3271 345 3335 hanc
367 3271 563 3352 Megadorus
586 3271 770 3336 indotatam
793 3270 920 3349 ducere,

159 3379 356 3462 Lubensque
379 3385 417 3444 nt
437 3379 548 3459 faeiat,
573 3380 631 3444 dat
653 3397 773 3461 coquos
797 3399 871 3444 cum
895 3379 1040 3462 opsonio,
1179 3393 1196 3446 5

159 3488 250 3553 Auro
272 3486 430 3553 formidat
452 3487 581 3568 Euclio;
606 3487 771 3552 abstrudit
792 3485 883 3552 foris.

163 3597 212 3661 Re
236 3597 323 3660 omni
344 3597 494 3680 inspecta
517 3596 736 3680 conpressoris
760 3593 909 3660 seruolus

161 3704 200 3769 ld
224 3706 346 3788 surpit;
369 3703 437 3768 illic
458 3703 608 3769 Euclioni
630 3725 700 3767 rem
722 3703 839 3783 refert3

160 3813 211 3877 Ab
236 3835 274 3878 eo
298 3813 441 3878 donatur
464 3834 544 3877 auro
567 3833 668 3876 uxore
691 3817 724 3876 et
746 3810 824 3875 filio.

113 4042 313 4112 Dieorepautia
329 4045 474 4113 acrabbim
492 4045 591 4098 codicia
608 4043 753 4098 Palatino·
761 4042 887 4098 Vaticani
902 4043 971 4096 1615
992 4037 1144 4106 (Ritocbels's'
1158 4037 1195 4103 B)

113 4145 133 4212 Ι,
151 4149 167 4200 3
186 4164 297 4201 rursum
315 4163 377 4215 quae
421 4147 570 4201 bonasus
617 4149 647 4199 12
665 4146 740 4200 Auul
759 4145 852 4199 culum
886 4141 924 4212 ΙΙ,
942 4143 958 4196 6
977 4139 1108 4195 abotridit
1124 4138 1199 4192 iores
