2922 5006
299 503 358 564 176
813 497 904 552 Plauti
1225 503 1395 571 lunae-ae

716 683 719 689 ’
754 685 779 750 Τ
814 687 967 754 udarus

293 795 400 862 Uiden
422 803 459 861 tu
483 795 579 875 huno,
603 815 701 880 quam
722 709 853 861 1551551155
876 797 970 862 uoltu
993 799 1155 864 intuitur?
1200 798 1332 866 Comoedi
1352 821 1395 882 op·

1008 911 1178 986 tumumst,

293 1013 412 1096 Hegi03
436 1011 484 1092 fit,
507 1011 594 1093 quod
617 1011 678 1077 tihi
701 1011 783 1092 dixi3
806 1013 915 1093 gliscit
936 1012 1060 1094 rahies3
1084 1035 1164 1080 naue
1186 1014 1257 1080 tibi.

792 1153 847 1220 He
883 1156 920 1220 io

292 1263 426 1330 Credidi
446 1283 518 1329 esse
534 1264 685 1328 insanum
703 1176 875 1348 extemplog,
900 1263 957 1330 ubi
974 1271 1006 1330 te
1024 1263 1206 1348 appellauit
1221 1264 1397 1349 Tyndarum.

751 1403 776 1469 T
812 1405 965 1471 ndarus

294 1513 380 1592 Quin
409 1533 504 1578 suum
531 1513 601 1597 ipse
631 1425 806 1578 interdumy
823 1513 953 1596 ignorat
987 1533 1104 1580 nomen
1132 1537 1236 1598 neque
1259 1516 1325 1594 5515,
1353 1516 1397 1597 qui

1009 1623 1081 1688 siet.
1360 1639 1399 1690 555

787 1751 917 1836 Hegio

291 1861 335 1926 At
358 1861 455 1926 etiam
480 1867 512 1926 55
535 1881 631 1926 suum
653 1859 799 1926 sodalem
823 1882 894 1928 esse
917 1861 1018 1928 aibat.

750 2003 960 2088 Tyndarus

523 2169 529 2191 ,
1061 2111 1156 2177 Haud
1179 2111 1249 2178 uidi
1272 2113 1374 2195 magis.

290 2217 334 2282 Et
357 2217 490 2301 quidem
511 2219 663 2286 Alemous
686 2225 784 2301 atque
809 2218 940 2284 Orestes
963 2226 997 2284 et
1019 2220 1185 2304 Lyeurgus
1207 2229 1319 2304 postea

293 2323 366 2391 Una
389 2347 490 2410 opera
512 2325 592 2392 mihi
617 2334 696 2393 sunt
719 2325 856 2406 sodales,
879 2347 942 2410 qua
965 2327 1037 2392 iste.

692 2469 1016 2553 Aristophontes

1078 2577 1121 2642 At
1144 2579 1254 2658 etiam,
1277 2576 1402 2649 furcifer,
1459 2591 1460 2602 ¹

295 2683 382 2750 Male
406 2685 500 2769 loqui
522 2684 602 2750 mihi
625 2685 750 2750 audes?
793 2684 865 2750 Non
890 2706 949 2769 ego
971 2691 1005 2751 te
1028 2687 1127 2751 noui?

797 2827 921 2912 Hegio

951 2935 1010 3001 Pol
1034 2935 1168 3019 planum
1191 2935 1225 3000 id
1249 2936 1403 3020 quidemst.

292 3039 322 3106 N
325 3062 367 3107 on
378 3043 521 3124 uouisse,
540 3043 594 3126 qui
613 3045 714 3110 istum
730 3043 874 3128 appelles
886 3043 1071 3126 Tyndarum
1085 3065 1143 3127 pro
1155 3043 1346 3110 Philocrate.
1364 3057 1404 3110 555
1458 3057 1459 3110 3

295 3150 399 3229 Quem
422 3151 525 3232 uides,
548 3173 622 3217 eum
645 3153 792 3236 ignoras;
815 3151 908 3218 illum
930 3151 1089 3233 nominas,
1113 3173 1209 3236 quem
1231 3174 1294 3218 non
1318 3150 1403 3216 uides.

698 3293 1020 3378 Aristophontes

295 3402 398 3468 Immo
416 3403 478 3468 iste
496 3423 569 3468 eum
588 3423 659 3469 sese
677 3403 734 3483 ait,
746 3403 802 3485 qui
819 3421 884 3467 non
901 3407 959 3483 est,
973 3423 1043 3468 esse
1055 3409 1097 3483 et,
1109 3403 1165 3487 qui
1177 3409 1298 3482 uerost,
1310 3405 1403 3482 negat.

753 3559 963 3647 Tyndarus

294 3669 344 3735 Tu
367 3671 456 3736 euim
479 3671 665 3754 5555555555,
688 3670 910 3736 Philocratem
933 3671 989 3753 qui
1012 3691 1144 3755 superes
1166 3669 1355 3736 ueriuerbio.

702 3830 1021 3914 Aristophontes

295 3939 365 4019 Pol,
389 3957 448 4022 ego
474 3945 511 4005 ut
533 3959 603 4003 rem
625 3939 733 4018 uideo,
757 3947 794 4003 tu
816 3939 1007 4018 inuentus’a,
1031 3957 1111 4003 uera
1133 3937 1323 4003 uanitudine

295 4047 359 4125 Qui
372 4049 560 4114 conuiueas.
584 4045 656 4126 Sed,
671 4066 797 4129 quaeso
809 4046 927 4126 hercle,
941 4047 1079 4141 agedum
1091 4045 1227 4130 adspice
1239 4045 1347 4111 adme.

300 4219 521 4230 --.-.......-

362 4303 414 4357 552
431 4302 558 4356 intuetur
615 4303 666 4356 553
683 4300 736 4355 tihi
755 4317 808 4370 ego
827 4301 883 4355 dixi
937 4303 988 4356 555
1006 4299 1077 4368 Quia
1128 4301 1185 4354 551.
1196 4299 1319 4370 ligurgur
1364 4293 1404 4348 559

295 4385 364 4442 mihi
381 4388 458 4456 loqui
479 4385 547 4440 mihi
601 4387 797 4456 nortepertus
850 4389 900 4441 564
918 4387 1048 4440 inuentus
