2960 5012
498 1595 776 1679 Prasstio.

157 1811 256 1883 Quum
279 1813 408 1887 primum
429 1809 517 1869 huius
540 1809 679 1868 editionis
700 1809 841 1870 volumen
863 1809 995 1884 ederem,
1026 1810 1102 1870 nihil
1124 1829 1197 1888 praa

76 1919 194 1980 lationis
217 1918 322 1979 addidi
343 1919 401 1977 nisi
424 1919 598 1997 epistolam,
628 1939 688 1995 qua
710 1921 852 1995 magistro
874 1917 1064 1978 dilectissimo
1086 1919 1198 1978 librum
1264 1969 1265 1972 η

1 2053 2 2058 ’
76 2027 149 2086 dono
169 2027 256 2100 dedi;
280 2029 339 2086 iam
355 2027 500 2105 praefandi
518 2046 578 2086 non
596 2029 779 2090 occasionem
801 2027 897 2086 solum
918 2026 1121 2103 praebuerunt,
1145 2026 1199 2087 sed

75 2155 164 2214 propa
197 2136 408 2195 necessitatem
442 2135 516 2195 mihi
544 2139 749 2213 imposuerunt
781 2134 893 2193 indicia
920 2135 952 2192 in
981 2133 1140 2194 Germania
1161 2135 1199 2193 de

74 2264 135 2302 meo
158 2244 242 2303 libro
264 2244 352 2303 facta.
408 2243 540 2316 Quorum
570 2263 661 2322 quum
689 2262 749 2301 non
776 2261 889 2320 parvus
910 2263 1050 2302 numerus
1073 2244 1129 2317 ait,
1164 2263 1199 2302 ea

73 2357 170 2411 tamen
192 2352 258 2410 fere
281 2355 414 2411 omnium
437 2351 602 2411 similitudo
626 2357 680 2425 est,
703 2355 737 2409 ut
758 2351 845 2410 facile
867 2357 1011 2430 appareat
1032 2351 1070 2410 ab
1093 2352 1198 2410 eadam
1264 2415 1268 2422 ,

73 2459 232 2536 disciplina
254 2461 390 2537 profecta
412 2481 484 2520 esse.
534 2458 599 2537 Ego
622 2479 695 2517 vero
717 2457 882 2518 Ritschelic
906 2463 937 2518 et
959 2459 1112 2538 discipulis
1135 2461 1198 2520 aius

72 2568 178 2628 librum
211 2587 311 2627 meum
343 2569 523 2647 placiturum
557 2587 620 2626 essa
653 2587 814 2643 numquam
847 2587 1052 2645 speraveram,
1087 2569 1198 2646 quippe

72 2697 155 2753 quem
172 2696 313 2754 magnam
335 2681 454 2754 partem
471 2675 540 2736 ideo
559 2677 797 2755 composuissem,
821 2677 893 2754 quia
910 2676 946 2735 ab
968 2696 1071 2736 eorum
1089 2677 1198 2736 iudicio

72 2790 99 2842 et
119 2787 242 2844 ratione
266 2784 468 2845 abhorrerem.
513 2785 618 2862 Itaque
646 2805 705 2843 non
734 2803 830 2860 pauca
857 2783 1048 2862 provideram
1078 2785 1142 2844 fore
1164 2791 1199 2845 ut

71 2893 105 2951 iis
126 2913 224 2972 prava
248 2899 278 2952 et
296 2893 406 2952 vitiosa
422 2893 605 2966 viderentur,
629 2913 684 2952 neo
700 2895 726 2952 ei
744 2893 817 2968 quid
832 2893 948 2952 incuria
966 2898 1018 2952 aut
1035 2895 1199 2954 omisissem

71 3008 121 3058 aut
143 3021 304 3075 errassem,
329 3021 378 3060 eos
400 3001 493 3060 latere
510 3020 597 3079 posse
614 2993 840 3074 credideram*).
874 3001 954 3060 Illud
975 3003 1100 3062 miratus
1123 3023 1197 3076 sum,

71 3109 162 3184 quod,
193 3129 262 3186 quaa
284 3111 405 3199 minime
428 3109 554 3169 obscure
576 3130 802 3189 proposueram,
837 3112 934 3170 critici
962 3111 1111 3170 interdum
1139 3131 1198 3170 non

71 3216 285 3291 intellexerint,
308 3194 392 3276 vellit
414 3238 505 3296 quum
527 3221 594 3278 vitii
620 3219 772 3277 indicandi
796 3238 885 3278 causa
900 3219 972 3293 Arg.
991 3218 1099 3296 Amph.
1118 3218 1157 3292 11,
1179 3210 1214 3278 9Ἰ

73 3345 212 3395 „versum
235 3330 349 3404 septem
372 3322 556 3385 iamborum“
587 3347 652 3385 esse
680 3327 834 3400 dixissem,
863 3327 1010 3386 Asinaria
1041 3331 1142 3386 autem
1169 3347 1197 3386 v.

72 3433 127 3492 329
155 3434 256 3512 „pede
280 3429 477 3508 breviorem“,
500 3434 682 3494 Ritschelius
705 3435 793 3510 (Mna.
816 3435 913 3496 Rhen.
932 3433 1043 3511 XXXI,
1067 3456 1097 3514 p.
1123 3433 1196 3510 550)

69 3541 142 3600 tales
165 3561 273 3602 remus
301 3561 350 3601 me
378 3542 522 3620 probasse
550 3545 699 3621 queritur,
735 3545 820 3622 quasi
855 3565 915 3604 non
943 3546 1017 3603 satis
1046 3551 1198 3622 appareat,

85 3823 109 3886 *l
135 3823 228 3877 Huius
247 3827 359 3893 generis
378 3844 440 3896 quae
459 3828 731 3897 animadverterunt,
750 3833 832 3898 grato
855 3829 949 3884 animo
968 3845 1100 3899 agnosco.
1138 3827 1200 3882 Ple·

136 3925 236 3977 reque,
255 3928 340 3978 quum
358 3913 475 3966 minoris
492 3915 628 3968 momenti
644 3915 708 3982 sint,
727 3913 848 3982 seposui,
867 3917 899 3968 ut
911 3914 940 3969 in
956 3915 1048 3970 altera
1067 3915 1199 3982 editione,

137 3995 161 4048 si
182 4013 314 4064 umquam
332 3999 487 4067 apparebit,
507 3999 703 4067 emendentur,
727 4017 785 4054 non
803 4000 898 4054 omnia
915 4001 976 4055 iure
998 3999 1067 4054 mihi
1090 4001 1201 4054 obiecta

136 4097 214 4148 esse,
232 4080 308 4150 haec,
327 4087 359 4136 ut
377 4084 488 4154 opinor,
512 4084 641 4153 praefatio
660 4086 808 4154 probabit3
837 4087 893 4141 duo
911 4087 967 4141 iam
985 4087 1032 4140 hic
1051 4083 1200 4141 emendata

135 4166 231 4219 velim.
267 4167 329 4221 Vol.
347 4168 371 4236 I,
398 4187 425 4238 p.
447 4171 495 4223 157
518 4187 543 4223 v.
565 4173 596 4224 17
618 4187 658 4239 sq.
683 4176 748 4240 post
771 4171 915 4241 ,ridetur“
938 4171 1119 4226 scribendum
1143 4176 1200 4224 eat:

137 4253 215 4320 „217¹
234 4251 392 4320 Dispertiti.
427 4253 571 4309 Molossus
589 4273 642 4325 pro
662 4257 774 4326 cretico,
793 4259 872 4312 utin
890 4258 1020 4328 proximo
1037 4273 1121 4312 versu
1139 4255 1200 4312 Noa

136 4336 278 4392 matraa“.
307 4337 338 4393 P.
353 4341 403 4396 363
414 4339 449 4393 ad
461 4341 510 4394 132
520 4342 606 4396 scribi
618 4341 773 4396 volueram:
793 4342 853 4413 „Ex
865 4348 999 4413 quattuor
1008 4341 1137 4412 pedibus,
1152 4343 1201 4411 qni

135 4438 253 4490 paeones
271 4427 321 4478 aut
338 4425 435 4480 cretici
453 4443 514 4481 esse
534 4426 699 4495 debuerunt,
720 4428 776 4482 duo
794 4431 903 4498 priores
919 4428 1073 4484 choriambi
1092 4425 1182 4482 aunt“.
