2960 5012
90 491 228 559 sas-15
560 490 721 551 Bacchides.

521 679 699 750 Bacchis
715 677 754 750 d·

91 788 223 876 Sequere
243 787 316 854 hac.

513 893 769 968 Pmmmmm

221 1001 308 1080 Quid
329 1007 431 1086 agunt
452 1001 537 1074 duaa
560 1023 736 1086 germanae
758 1002 947 1068 meretrices
970 1001 1197 1087 cognomines?

90 1110 166 1188 Quid
187 1112 220 1178 in
242 1110 378 1177 consilio
401 1110 636 1194 consuluistis?

524 1229 698 1295 Bacchis
721 1229 758 1294 Α.

637 1337 738 1414 Reae.

510 1478 765 1546 Pistoclerus

743 1585 803 1653 rol
825 1585 914 1652 haud
936 1585 1197 1652 meretriciumst.

523 1705 696 1773 Bacchis
719 1706 756 1771 A.

91 1814 233 1882 Miserius
254 1815 337 1882 nihi]
360 1821 410 1882 est
432 1835 530 1901 quam
551 1814 679 1880 mulier.

512 1944 771 2011 Pistoclerus

641 2096 644 2102 -
718 2051 804 2130 Quid
826 2073 897 2118 esse
919 2051 1002 2118 dicis
1025 2049 1178 2136 dignius?

472 2227 474 2230 -
521 2181 693 2250 Bacchis
716 2183 753 2249 A.

91 2292 171 2359 Haec
196 2295 245 2360 ita
273 2313 326 2358 me
353 2297 441 2374 orat,
475 2291 538 2358 sibi
567 2292 624 2374 qui
653 2297 771 2358 caueat
799 2290 942 2374 aliquem
969 2294 1008 2355 ut
1036 2289 1199 2356 hominem

792 2399 955 2482 reperiam
1164 2407 1200 2461 40

90 2507 132 2574 Ab
147 2511 229 2576 istoc
244 2509 359 2590 milite,
377 2515 423 2588 ιιι,
441 2507 499 2574 ubi
510 2509 681 2574 emeritum
699 2507 761 2573 sibi
779 2507 831 2587 sit,
856 2527 890 2572 se
903 2502 1042 2572 reuehat
1053 2467 1194 2567 demum.

87 2615 127 2696 Id,
148 2618 262 2684 emaho
285 2623 329 2699 te,
352 2615 429 2683 huic
451 2636 578 2683 caueae.
1118 2611 1122 2618 '

509 2747 760 2812 Pistoclerus

505 2853 592 2932 Quid
612 2856 668 2921 isti
690 2853 850 2921 caueam?

521 2985 695 3068 Bacchis
717 2987 755 3050 Α.

785 3091 831 3158 Ut
852 3089 1031 3156 reuehatur
1053 3087 1195 3166 domum,

86 3197 141 3266 Ubi
162 3205 192 3268 ei
214 3202 343 3270 dederit
366 3223 494 3288 operas,
515 3223 557 3268 ne
580 3202 665 3268 hanc
688 3201 743 3266 ille
765 3201 887 3269 hebeat
909 3218 969 3293 pro
986 3194 1106 3268 ancilla
1123 3193 1195 3260 sibi.

17 3387 18 3390 Ἴ
86 3306 159 3374 Nam
175 3313 202 3376 si
219 3312 303 3377 haec
320 3311 444 3378 habeat
455 3333 581 3394 aurum,
594 3309 681 3394 quod
692 3309 742 3375 illi
753 3313 947 3388 renumeret,
959 3304 1060 3386 faciat
1070 3301 1195 3370 lubens.
1304 3335 1307 3343 ·

18 3535 19 3538 Ἴ
505 3440 767 3508 Pistoclerus

86 3545 141 3614 Ubi
161 3571 246 3616 nunc
267 3551 297 3616 is
318 3547 470 3616 homost?

517 3690 692 3760 Bacchis
713 3691 750 3756 A„

178 3801 248 3868 lam
260 3801 323 3880 hic,
338 3799 445 3881 eredo,
458 3799 573 3866 aderit.
598 3799 662 3866 Sed
673 3799 735 3865 hee
747 3798 835 3864 idem
847 3795 937 3882 apud
948 3817 1008 3862 nos
1019 3795 1141 3861 rectius
1163 3807 1198 3862 45

85 3903 199 3976 Poteris
221 3929 336 3994 agere,
360 3914 460 3993 atque
482 3909 511 3974 is
534 3909 613 3977 dum
634 3909 756 3986 ueniat,
788 3907 903 3974 sedens
926 3905 972 3972 ibi
994 3901 1197 3988 cpperibere.

86 4011 198 4082 Eadem
218 4017 353 4097 biberis,
376 4017 491 4082 eadem
513 4015 636 4082 dedere
660 4016 732 4094 tihi,
756 4015 813 4080 ubi
835 4013 966 4094 biberis,
991 4012 1127 4078 sauium.

144 4272 176 4325 88
193 4272 314 4326 concilio
389 4274 420 4324 41
440 4270 479 4326 Ut
496 4271 589 4325 istoch
607 4271 724 4326 militem
776 4285 826 4324 seu
903 4269 937 4322 43
956 4265 1095 4322 dediderit
1163 4265 1198 4318 44

86 4349 145 4408 haec
162 4357 226 4412 siB
295 4357 329 4411 45
348 4356 434 4412 credo
454 4356 545 4412 aderit
561 4355 607 4410 hie
624 4356 651 4410 B
