2960 5012
274 525 332 584 XII
764 517 903 572 Prtelstio.

360 715 467 791 Itaque
489 733 525 772 ne
553 715 584 770 in
607 713 741 772 versibus
764 713 883 790 quidem
913 710 1080 789 pangendis
1109 709 1248 770 Plautum
1276 731 1393 790 semper

276 824 333 882 sibi
356 824 523 882 eonstitisse
545 821 765 880 affirmaverim.
802 819 991 880 Gantioornm
1013 821 1093 896 leges
1116 821 1251 896 quamvis
1274 840 1392 879 actura·

272 933 386 990 tissime
409 931 630 990 Studemundus
658 928 802 1004 indagaro
825 931 947 987 conatus
970 930 1018 1000 rit,
1047 932 1146 984 tamen
1169 926 1245 987 nihil
1267 947 1393 1006 prorsus

275 1041 347 1098 oerti
377 1043 429 1097 aut
457 1039 538 1116 quod
565 1039 650 1096 nobis
679 1038 796 1114 plaeere
823 1038 919 1113 possit
947 1037 1098 1094 inventum
1132 1039 1195 1108 est,
1230 1040 1260 1094 et
1291 1038 1393 1097 multis

273 1147 345 1206 loois
368 1147 440 1223 qnid
462 1146 585 1204 Plautus
607 1146 736 1204 voluerit
757 1148 944 1220 ignoramus,
975 1143 1055 1221 quod
1083 1145 1155 1221 quin
1177 1145 1271 1221 ipsius
1294 1152 1393 1224 poetae

274 1257 374 1332 aliqua
397 1255 485 1333 culpa
506 1255 616 1313 lactum
639 1255 686 1326 sit,
709 1253 775 1312 fieri
797 1255 847 1312 rix
868 1257 976 1330 potest.
1031 1251 1100 1310 Alis
1121 1254 1199 1311 ratio
1223 1257 1270 1311 est
1291 1273 1393 1344 eorum

273 1383 420 1438 versuum,
437 1381 563 1440 quornm
575 1366 657 1420 certa
674 1366 705 1420 et
722 1366 859 1420 constans
875 1361 970 1418 forma
986 1364 1041 1432 est,
1059 1359 1140 1418 velut
1156 1363 1392 1438 septenariorum
1473 1407 1474 1412 η

275 1477 305 1528 et
332 1471 527 1530 senariorum.
583 1469 645 1528 Hos
672 1475 791 1545 postam
820 1469 954 1527 videmus
982 1468 1060 1527 felioi
1088 1468 1205 1545 ingenio
1233 1471 1392 1548 praeditum

274 1578 449 1654 plerumque
471 1581 598 1656 optimos
619 1577 739 1648 ferisss;
769 1575 821 1634 sed
851 1597 942 1653 quum
970 1577 1057 1636 huius
1084 1578 1182 1656 poesis
1210 1597 1302 1654 genus
1326 1587 1393 1638 ante

276 1689 374 1744 omnia
395 1687 571 1764 postularet,
602 1691 637 1744 ut
659 1685 809 1763 quidquid
832 1685 944 1743 dictum
968 1690 1045 1744 esset
1066 1685 1153 1744 faoile
1175 1687 1394 1764 intelligeretur

273 1815 327 1852 neo
350 1815 367 1853 a
388 1795 504 1872 vulgari
525 1795 676 1852 hominum
699 1814 834 1882 sermone
857 1793 1040 1866 abhorreret,
1064 1791 1212 1851 interdum
1236 1801 1393 1857 sententie

273 1907 367 1978 magis
396 1923 484 1981 qnam
512 1903 647 1961 versibus
682 1902 835 1960 consulens
870 1922 888 1960 a
920 1903 1031 1960 severis
1058 1921 1250 1960 numerorum
1277 1904 1394 1981 legibus

273 2011 441 2070 discessisse
463 2011 590 2082 videtur,
613 2011 739 2069 maxime
761 2010 812 2068 ille
835 2009 955 2086 quidem
977 2012 1008 2068 in
1030 2013 1127 2087 primo
1148 2029 1286 2071 versuum
1308 2015 1393 2091 pede,

272 2119 333 2178 vid.
357 2118 474 2193 Proleg.
498 2137 527 2194 p.
555 2119 611 2176 181
638 2123 668 2176 et
691 2119 730 2176 ad
752 2117 835 2194 Gapt.
860 2120 916 2190 90,
947 2119 1036 2176 semel
1065 2120 1225 2177 etiterum
1248 2124 1341 2180 etiam
1363 2125 1394 2181 in

273 2228 349 2300 aliis,
373 2227 455 2285 velut
477 2225 561 2284 Cure.
586 2227 658 2284 401.
702 2225 812 2285 Verum
842 2246 933 2303 quum
960 2246 996 2284 ne
1023 2227 1118 2304 ipsius
1146 2227 1266 2304 quidem
1295 2229 1395 2288 Plauti

272 2353 374 2393 versus
397 2353 513 2412 semper
534 2335 616 2392 vitiis
641 2339 774 2406 eureont,
804 2335 899 2393 multo
926 2335 1015 2411 plura
1037 2354 1087 2392 eos
1111 2337 1290 2394 commisisse
1312 2337 1394 2397 vide-

273 2461 352 2515 mus,
381 2445 433 2520 qui
461 2447 566 2520 postea
594 2442 643 2498 vel
664 2441 807 2518 prologos
829 2442 877 2500 vel
899 2443 972 2500 alias
994 2442 1162 2500 fabularum
1185 2449 1288 2520 portes
1311 2445 1395 2504 addi·

271 2551 394 2624 derunt,
417 2571 454 2608 ne
476 2550 513 2608 de
535 2551 572 2606 iis
593 2549 713 2625 loquar,
738 2551 788 2626 qui
812 2556 983 2626 argumenta
1002 2525 1242 2626 composuerunt.
1286 2553 1394 2631 Itaque

271 2661 301 2716 in
330 2659 454 2736 prologo
477 2657 774 2736 Amphitruonisuv.
795 2660 832 2717 59
856 2663 887 2714 et
911 2660 948 2717 63
972 2659 1079 2736 reliqui
1102 2658 1225 2717 formam
1251 2663 1394 2739 „tragico-

271 2763 453 2840 oomoedia“,
484 2768 620 2842 quamvis
642 2767 840 2844 posteriorem
861 2785 981 2824 versum
1004 2772 1184 2843 corrumpat.
1236 2767 1393 2828 Editorum

270 2875 406 2950 plerique
432 2871 730 2948 „tragioomoediam“
757 2874 955 2946 substituunt,
984 2895 1073 2951 quam
1094 2874 1221 2933 formam
1244 2881 1395 2953 posterior

270 3001 374 3040 versus
398 2983 597 3056 commendat,
626 2985 710 3060 prior
733 2985 853 3042 omniuo
874 2983 1004 3058 respuit,
1038 2983 1097 3041 nisi
1119 3001 1202 3041 novae
1225 2992 1393 3063 superstru-

270 3095 363 3148 untur
391 3092 576 3150 coniectore.
626 3091 726 3150 Nihilo
755 3092 852 3150 minus
885 3092 1076 3150 vehementer
1108 3092 1280 3169 vituperor,
1316 3095 1395 3172 quod

271 3199 353 3284 illam
377 3203 576 3258 coniecturam
599 3219 657 3258 non
687 3202 741 3258 sim
771 3207 899 3260 secutus.
954 3199 1099 3278 Exempla
1128 3200 1233 3258 similis
1261 3208 1395 3262 eontrac-

270 3309 362 3366 tionis
385 3308 464 3385 apud
483 3307 665 3367 Lobeokium
687 3313 718 3366 et
735 3308 924 3368 Gorssenium
946 3310 1075 3366 inveniri
1092 3308 1188 3366 oritioi
1205 3329 1251 3366 me
1276 3309 1394 3385 docent,

271 3417 356 3491 quasi
378 3435 436 3473 non
459 3417 523 3494 ipse
547 3417 648 3474 eadem
671 3417 836 3489 attulerim,
871 3417 908 3474 ad
938 3436 972 3474 ea
1000 3415 1076 3475 nihil
1097 3417 1292 3494 respondent,
1329 3441 1394 3497 quse

272 3523 343 3595 dixi,
367 3524 420 3582 illa
442 3525 576 3600 exempla
592 3525 739 3583 voeabula
756 3545 818 3582 esso
836 3525 1004 3602 quotidiani
1022 3527 1173 3597 sermonis,
1198 3525 1274 3584 hano
1290 3547 1394 3586 vocem

270 3651 346 3689 nove
368 3630 467 3690 fiotum
490 3653 553 3692 esse
575 3653 638 3706 nee,
662 3635 721 3691 nisi
738 3639 875 3692 adcurate
897 3633 1027 3691 formata
1050 3637 1128 3692 esset
1150 3639 1180 3690 et
1196 3633 1285 3710 pleno
1303 3655 1394 3694 enun-

271 3741 406 3813 tiaretur,
430 3741 558 3816 intelligi
577 3743 721 3819 potuisse.
756 3741 851 3800 Grseoi
873 3735 1308 3818 aappdotpqurdtardixerant,
1335 3765 1394 3821 quo

270 3849 391 3907 nomine
415 3855 446 3907 et
462 3849 689 3908 Anaxandrides
708 3855 739 3908 et
755 3850 872 3908 Aloaeus
896 3855 927 3907 et
943 3848 1124 3909 Dinoloohus
1143 3849 1258 3908 Siculus
1275 3851 1394 3910 fabulas

270 3957 459 4034 scripserant,
485 3958 648 4034 eodemque
665 3957 808 4016 vocabulo
825 3957 1008 4034 Porphyrius
1025 3978 1095 4016 usus
1116 3963 1169 4031 est,
1187 3959 1248 4018 vid.
1261 3959 1393 4020 Meinelr.

270 4065 348 4123 Hist.
362 4066 426 4124 orit.
440 4067 542 4125 comio.
555 4065 718 4138 (irascor-I,
741 4085 769 4143 p.
790 4067 861 4138 247,
886 4071 915 4124 ot
926 4063 1095 4126 Meinehius
1114 4067 1225 4143 ipsein
1242 4068 1395 4127 laudendo

270 4173 371 4232 Plauti
399 4175 464 4233 looo
491 4193 591 4232 veram
621 4177 744 4234 formam
771 4173 1107 4248 „tragicooomoediam“
1133 4179 1242 4234 servat.
1298 4176 1395 4238 Immo

270 4285 418 4358 pessimus
440 4301 543 4340 versus
565 4281 776 4359 relinquendus
804 4289 926 4342 estnec
948 4283 1102 4342 histrionis
1126 4303 1214 4342 rausa
1236 4289 1394 4364 tantopere

269 4388 464 4447 laborandum
487 4395 541 4463 est,
569 4395 604 4448 ut
626 4391 751 4450 lormam
773 4395 886 4451 temere
908 4391 1008 4450 fiotum
1031 4393 1163 4468 antiquis
1186 4392 1393 4454 obtrudamus.
