<?xml version="1.0" encoding="UTF-8"?>
<!DOCTYPE html PUBLIC "-//W3C//DTD XHTML 1.0 Transitional//EN"
    "http://www.w3.org/TR/xhtml1/DTD/xhtml1-transitional.dtd">
<html xmlns="http://www.w3.org/1999/xhtml" xml:lang="en" lang="en">
 <head>
  <title>
</title>
<meta http-equiv="Content-Type" content="text/html;charset=utf-8" />
  <meta name='ocr-system' content='tesseract 3.04.00' />
  <meta name='ocr-capabilities' content='ocr_page ocr_carea ocr_par ocr_line ocrx_word'/>
</head>
<body>
  <div class='ocr_page' id='page_1' title='image "./tmacciiplautico00ussigoog_0215.png"; bbox 0 0 2922 5006; ppageno 0'>
   <div class='ocr_carea' id='block_1_1' title="bbox 277 493 1386 570">
    <p class='ocr_par' dir='ltr' id='par_1_1' title="bbox 277 493 1386 570">
     <span class='ocr_line' id='line_1_1' title="bbox 277 493 1386 570; baseline -0.009 -12"><span class='ocrx_word' id='word_1_1' title='bbox 277 506 337 570; x_wconf 83' lang='lat'>196</span> <span class='ocrx_word' id='word_1_2' title='bbox 795 495 887 550; x_wconf 69' lang='lat' dir='ltr'>claua</span> <span class='ocrx_word' id='word_1_3' title='bbox 1186 493 1234 560; x_wconf 81' lang='lat' dir='ltr'>lv,</span> <span class='ocrx_word' id='word_1_4' title='bbox 1246 499 1271 564; x_wconf 85' lang='lat'>2,</span> <span class='ocrx_word' id='word_1_5' title='bbox 1282 497 1386 552; x_wconf 80' lang='lat' dir='ltr'>eo-roa</span> 
     </span>
    </p>
   </div>
   <div class='ocr_carea' id='block_1_2' title="bbox 273 686 1388 2112">
    <p class='ocr_par' dir='ltr' id='par_1_2' title="bbox 273 686 1388 2112">
     <span class='ocr_line' id='line_1_2' title="bbox 273 686 1384 776; baseline -0.006 -19"><span class='ocrx_word' id='word_1_6' title='bbox 273 692 379 776; x_wconf 82' lang='lat' dir='ltr'>Agere</span> <span class='ocrx_word' id='word_1_7' title='bbox 397 689 438 756; x_wconf 92' lang='lat' dir='ltr'>ob</span> <span class='ocrx_word' id='word_1_8' title='bbox 456 689 622 768; x_wconf 83' lang='lat' dir='ltr'>nuntium3</span> <span class='ocrx_word' id='word_1_9' title='bbox 645 691 774 752; x_wconf 85' lang='lat' dir='ltr'>tantum</span> <span class='ocrx_word' id='word_1_10' title='bbox 790 705 850 768; x_wconf 86' lang='lat' dir='ltr'>ego</span> <span class='ocrx_word' id='word_1_11' title='bbox 868 705 954 750; x_wconf 91' lang='lat' dir='ltr'>nuuc</span> <span class='ocrx_word' id='word_1_12' title='bbox 972 693 1067 768; x_wconf 87' lang='lat' dir='ltr'>porto</span> <span class='ocrx_word' id='word_1_13' title='bbox 1086 704 1107 749; x_wconf 90' lang='lat' dir='ltr'>a</span> <span class='ocrx_word' id='word_1_14' title='bbox 1125 693 1223 768; x_wconf 89' lang='lat' dir='ltr'>portu</span> <span class='ocrx_word' id='word_1_15' title='bbox 1240 686 1300 752; x_wconf 86' lang='lat' dir='ltr'>tibi</span> <span class='ocrx_word' id='word_1_16' title='bbox 1310 686 1384 753; x_wconf 89' lang='lat' dir='ltr'>boui.</span> 
     </span>
     <span class='ocr_line' id='line_1_3' title="bbox 274 795 673 880; baseline -0.018 -14"><span class='ocrx_word' id='word_1_17' title='bbox 274 799 369 866; x_wconf 87' lang='lat' dir='ltr'>Nunc</span> <span class='ocrx_word' id='word_1_18' title='bbox 391 807 427 865; x_wconf 89' lang='lat' dir='ltr'>tu</span> <span class='ocrx_word' id='word_1_19' title='bbox 450 795 529 862; x_wconf 91' lang='lat' dir='ltr'>mihi</span> <span class='ocrx_word' id='word_1_20' title='bbox 552 795 673 880; x_wconf 89' lang='lat' dir='ltr'>places.</span> 
     </span>
     <span class='ocr_line' id='line_1_4' title="bbox 633 899 899 985; baseline -0.011 -17"><span class='ocrx_word' id='word_1_21' title='bbox 633 905 636 908; x_wconf 78' lang='grc'><strong>’</strong></span> <span class='ocrx_word' id='word_1_22' title='bbox 773 899 899 985; x_wconf 85' lang='lat' dir='ltr'>Hegio</span> 
     </span>
     <span class='ocr_line' id='line_1_5' title="bbox 708 1008 1385 1097; baseline 0.006 -23"><span class='ocrx_word' id='word_1_23' title='bbox 708 1008 770 1075; x_wconf 84' lang='lat' dir='ltr'>Abi</span> <span class='ocrx_word' id='word_1_24' title='bbox 794 1009 925 1088; x_wconf 88' lang='lat' dir='ltr'>stultus,</span> <span class='ocrx_word' id='word_1_25' title='bbox 949 1029 1022 1074; x_wconf 87' lang='lat' dir='ltr'>sero</span> <span class='ocrx_word' id='word_1_26' title='bbox 1045 1018 1123 1094; x_wconf 86' lang='lat' dir='ltr'>post</span> <span class='ocrx_word' id='word_1_27' title='bbox 1145 1019 1275 1097; x_wconf 90' lang='lat' dir='ltr'>tempus</span> <span class='ocrx_word' id='word_1_28' title='bbox 1296 1015 1385 1080; x_wconf 84' lang='lat' dir='ltr'>uenis.</span> 
     </span>
     <span class='ocr_line' id='line_1_6' title="bbox 726 1139 944 1224; baseline 0.009 -20"><span class='ocrx_word' id='word_1_29' title='bbox 726 1139 944 1224; x_wconf 86' lang='lat' dir='ltr'>Ergasilus</span> 
     </span>
     <span class='ocr_line' id='line_1_7' title="bbox 275 1251 1386 1340; baseline 0.001 -19"><span class='ocrx_word' id='word_1_30' title='bbox 275 1255 389 1340; x_wconf 79' lang='lat' dir='ltr'><strong>Igitur,</strong></span> <span class='ocrx_word' id='word_1_31' title='bbox 413 1255 491 1320; x_wconf 90' lang='lat' dir='ltr'>olim</span> <span class='ocrx_word' id='word_1_32' title='bbox 515 1253 543 1318; x_wconf 92' lang='lat' dir='ltr'>si</span> <span class='ocrx_word' id='word_1_33' title='bbox 565 1251 784 1328; x_wconf 75' lang='lat' dir='ltr'>cucurrissem,</span> <span class='ocrx_word' id='word_1_34' title='bbox 808 1251 910 1332; x_wconf 87' lang='lat' dir='ltr'>magis</span> <span class='ocrx_word' id='word_1_35' title='bbox 933 1257 970 1315; x_wconf 85' lang='lat' dir='ltr'>tu</span> <span class='ocrx_word' id='word_1_36' title='bbox 993 1257 1061 1316; x_wconf 91' lang='lat' dir='ltr'>tum</span> <span class='ocrx_word' id='word_1_37' title='bbox 1085 1252 1172 1318; x_wconf 85' lang='lat' dir='ltr'>istuc</span> <span class='ocrx_word' id='word_1_38' title='bbox 1195 1253 1326 1320; x_wconf 81' lang='lat' dir='ltr'>diceres.</span> <span class='ocrx_word' id='word_1_39' title='bbox 1344 1271 1386 1324; x_wconf 79' lang='lat'>865</span> 
     </span>
     <span class='ocr_line' id='line_1_8' title="bbox 275 1357 1365 1443; baseline -0.002 -15"><span class='ocrx_word' id='word_1_40' title='bbox 275 1363 370 1428; x_wconf 90' lang='lat' dir='ltr'>Nunc</span> <span class='ocrx_word' id='word_1_41' title='bbox 391 1362 477 1427; x_wconf 89' lang='lat' dir='ltr'>banc</span> <span class='ocrx_word' id='word_1_42' title='bbox 498 1362 658 1426; x_wconf 75' lang='lat' dir='ltr'>laetitiam</span> <span class='ocrx_word' id='word_1_43' title='bbox 680 1359 794 1443; x_wconf 80' lang='lat' dir='ltr'>accipe</span> <span class='ocrx_word' id='word_1_44' title='bbox 816 1379 837 1424; x_wconf 90' lang='lat' dir='ltr'>a</span> <span class='ocrx_word' id='word_1_45' title='bbox 860 1379 921 1438; x_wconf 93' lang='lat' dir='ltr'>me,</span> <span class='ocrx_word' id='word_1_46' title='bbox 945 1379 1044 1442; x_wconf 88' lang='lat' dir='ltr'>quam</span> <span class='ocrx_word' id='word_1_47' title='bbox 1066 1357 1151 1442; x_wconf 79' lang='lat' dir='ltr'>lero,</span> <span class='ocrx_word' id='word_1_48' title='bbox 1174 1383 1250 1426; x_wconf 91' lang='lat' dir='ltr'>nam</span> <span class='ocrx_word' id='word_1_49' title='bbox 1272 1361 1365 1427; x_wconf 89' lang='lat' dir='ltr'>filium</span> 
     </span>
     <span class='ocr_line' id='line_1_9' title="bbox 275 1465 1387 1555; baseline -0.003 -19"><span class='ocrx_word' id='word_1_50' title='bbox 275 1471 381 1536; x_wconf 88' lang='lat' dir='ltr'>Tuum</span> <span class='ocrx_word' id='word_1_51' title='bbox 392 1471 488 1536; x_wconf 90' lang='lat' dir='ltr'>modo</span> <span class='ocrx_word' id='word_1_52' title='bbox 500 1471 534 1534; x_wconf 89' lang='lat' dir='ltr'>iu</span> <span class='ocrx_word' id='word_1_53' title='bbox 545 1475 643 1552; x_wconf 86' lang='lat' dir='ltr'>portu</span> <span class='ocrx_word' id='word_1_54' title='bbox 654 1465 916 1551; x_wconf 90' lang='lat' dir='ltr'>Philopolemum</span> <span class='ocrx_word' id='word_1_55' title='bbox 929 1467 1048 1548; x_wconf 85' lang='lat' dir='ltr'>uiuum,</span> <span class='ocrx_word' id='word_1_56' title='bbox 1062 1469 1187 1535; x_wconf 88' lang='lat' dir='ltr'>saluom</span> <span class='ocrx_word' id='word_1_57' title='bbox 1200 1479 1234 1534; x_wconf 85' lang='lat' dir='ltr'>et</span> <span class='ocrx_word' id='word_1_58' title='bbox 1246 1471 1387 1555; x_wconf 84' lang='lat' dir='ltr'>sospitem</span> 
     </span>
     <span class='ocr_line' id='line_1_10' title="bbox 275 1574 1322 1663; baseline -0.002 -18"><span class='ocrx_word' id='word_1_59' title='bbox 275 1577 353 1645; x_wconf 88' lang='lat' dir='ltr'>Uidi</span> <span class='ocrx_word' id='word_1_60' title='bbox 375 1581 408 1644; x_wconf 91' lang='lat' dir='ltr'>iu</span> <span class='ocrx_word' id='word_1_61' title='bbox 432 1578 564 1663; x_wconf 92' lang='lat' dir='ltr'>publica</span> <span class='ocrx_word' id='word_1_62' title='bbox 587 1576 695 1642; x_wconf 89' lang='lat' dir='ltr'>celoce</span> <span class='ocrx_word' id='word_1_63' title='bbox 718 1574 905 1658; x_wconf 86' lang='lat' dir='ltr'>ibidemque</span> <span class='ocrx_word' id='word_1_64' title='bbox 928 1574 1022 1640; x_wconf 88' lang='lat' dir='ltr'>illum</span> <span class='ocrx_word' id='word_1_65' title='bbox 1044 1577 1322 1644; x_wconf 82' lang='lat' dir='ltr'>adulescentulum</span> 
     </span>
     <span class='ocr_line' id='line_1_11' title="bbox 275 1681 1387 1769; baseline 0.001 -16"><span class='ocrx_word' id='word_1_66' title='bbox 275 1687 391 1753; x_wconf 76' lang='lat' dir='ltr'>Aleum</span> <span class='ocrx_word' id='word_1_67' title='bbox 414 1709 479 1752; x_wconf 89' lang='lat' dir='ltr'>uua</span> <span class='ocrx_word' id='word_1_68' title='bbox 502 1694 535 1752; x_wconf 87' lang='lat' dir='ltr'>et</span> <span class='ocrx_word' id='word_1_69' title='bbox 557 1693 650 1750; x_wconf 86' lang='lat' dir='ltr'>tuum</span> <span class='ocrx_word' id='word_1_70' title='bbox 674 1681 875 1766; x_wconf 80' lang='lat' dir='ltr'>Stalagmum</span> <span class='ocrx_word' id='word_1_71' title='bbox 900 1703 1040 1762; x_wconf 87' lang='lat' dir='ltr'>seruam,</span> <span class='ocrx_word' id='word_1_72' title='bbox 1066 1685 1122 1768; x_wconf 91' lang='lat' dir='ltr'>qui</span> <span class='ocrx_word' id='word_1_73' title='bbox 1145 1685 1272 1769; x_wconf 81' lang='lat' dir='ltr'>aufugit</span> <span class='ocrx_word' id='word_1_74' title='bbox 1293 1686 1387 1754; x_wconf 87' lang='lat' dir='ltr'>dome.</span> 
     </span>
     <span class='ocr_line' id='line_1_12' title="bbox 277 1791 1388 1879; baseline 0.002 -17"><span class='ocrx_word' id='word_1_75' title='bbox 277 1795 340 1875; x_wconf 84' lang='lat' dir='ltr'>Qui</span> <span class='ocrx_word' id='word_1_76' title='bbox 363 1797 424 1862; x_wconf 82' lang='lat' dir='ltr'>libi</span> <span class='ocrx_word' id='word_1_77' title='bbox 447 1795 612 1879; x_wconf 83' lang='lat' dir='ltr'>subripuit</span> <span class='ocrx_word' id='word_1_78' title='bbox 635 1791 843 1878; x_wconf 88' lang='lat' dir='ltr'>quadrimum</span> <span class='ocrx_word' id='word_1_79' title='bbox 865 1812 1003 1875; x_wconf 91' lang='lat' dir='ltr'>puerum</span> <span class='ocrx_word' id='word_1_80' title='bbox 1026 1791 1164 1859; x_wconf 88' lang='lat' dir='ltr'>filiolum</span> <span class='ocrx_word' id='word_1_81' title='bbox 1185 1801 1284 1860; x_wconf 88' lang='lat' dir='ltr'>tuum.</span> <span class='ocrx_word' id='word_1_82' title='bbox 1342 1811 1388 1864; x_wconf 75' lang='lat'>870</span> 
     </span>
     <span class='ocr_line' id='line_1_13' title="bbox 775 1922 902 2004; baseline 0.008 -18"><span class='ocrx_word' id='word_1_83' title='bbox 775 1922 902 2004; x_wconf 84' lang='lat' dir='ltr'>Hegio</span> 
     </span>
     <span class='ocr_line' id='line_1_14' title="bbox 277 2031 882 2112; baseline -0.012 -10"><span class='ocrx_word' id='word_1_84' title='bbox 277 2036 338 2102; x_wconf 81' lang='lat' dir='ltr'>Abi</span> <span class='ocrx_word' id='word_1_85' title='bbox 361 2037 395 2102; x_wconf 91' lang='lat' dir='ltr'>in</span> <span class='ocrx_word' id='word_1_86' title='bbox 419 2036 539 2101; x_wconf 90' lang='lat' dir='ltr'>malam</span> <span class='ocrx_word' id='word_1_87' title='bbox 562 2055 640 2112; x_wconf 88' lang='lat' dir='ltr'>rem,</span> <span class='ocrx_word' id='word_1_88' title='bbox 664 2031 750 2098; x_wconf 87' lang='lat' dir='ltr'>ludis</span> <span class='ocrx_word' id='word_1_89' title='bbox 773 2051 833 2096; x_wconf 88' lang='lat' dir='ltr'>me.</span> <span class='ocrx_word' id='word_1_90' title='bbox 880 2031 882 2038; x_wconf 80' lang='grc'>’</span> 
     </span>
    </p>
   </div>
   <div class='ocr_carea' id='block_1_3' title="bbox 276 2163 1386 2467">
    <p class='ocr_par' dir='ltr' id='par_1_3' title="bbox 276 2163 1386 2467">
     <span class='ocr_line' id='line_1_15' title="bbox 731 2163 952 2245; baseline 0 -17"><span class='ocrx_word' id='word_1_91' title='bbox 731 2163 952 2245; x_wconf 84' lang='lat' dir='ltr'>Ergasilus</span> 
     </span>
     <span class='ocr_line' id='line_1_16' title="bbox 705 2269 1386 2366; baseline -0.004 -30"><span class='ocrx_word' id='word_1_92' title='bbox 705 2341 715 2366; x_wconf 53' lang='lat'><strong>·</strong></span> <span class='ocrx_word' id='word_1_93' title='bbox 796 2271 848 2336; x_wconf 91' lang='lat' dir='ltr'>Ita</span> <span class='ocrx_word' id='word_1_94' title='bbox 870 2292 921 2336; x_wconf 91' lang='lat' dir='ltr'>me</span> <span class='ocrx_word' id='word_1_95' title='bbox 944 2269 1069 2335; x_wconf 86' lang='lat' dir='ltr'>amabit</span> <span class='ocrx_word' id='word_1_96' title='bbox 1093 2277 1207 2336; x_wconf 85' lang='lat' dir='ltr'>sancta</span> <span class='ocrx_word' id='word_1_97' title='bbox 1231 2271 1386 2347; x_wconf 85' lang='lat' dir='ltr'>Saturitas,</span> 
     </span>
     <span class='ocr_line' id='line_1_17' title="bbox 276 2379 1277 2467; baseline -0.004 -17"><span class='ocrx_word' id='word_1_98' title='bbox 276 2384 391 2466; x_wconf 88' lang='lat' dir='ltr'>Hegio,</span> <span class='ocrx_word' id='word_1_99' title='bbox 413 2386 526 2467; x_wconf 87' lang='lat' dir='ltr'>itaque</span> <span class='ocrx_word' id='word_1_100' title='bbox 549 2401 608 2446; x_wconf 91' lang='lat' dir='ltr'>suo</span> <span class='ocrx_word' id='word_1_101' title='bbox 632 2401 683 2448; x_wconf 90' lang='lat' dir='ltr'>me</span> <span class='ocrx_word' id='word_1_102' title='bbox 707 2401 836 2464; x_wconf 85' lang='lat' dir='ltr'>semper</span> <span class='ocrx_word' id='word_1_103' title='bbox 859 2379 1055 2446; x_wconf 81' lang='lat' dir='ltr'>condecoret</span> <span class='ocrx_word' id='word_1_104' title='bbox 1078 2383 1277 2463; x_wconf 88' lang='lat' dir='ltr'>cognomine,</span> 
     </span>
    </p>
   </div>
   <div class='ocr_carea' id='block_1_4' title="bbox 276 2491 1458 4124">
    <p class='ocr_par' dir='ltr' id='par_1_4' title="bbox 276 2491 1458 4124">
     <span class='ocr_line' id='line_1_18' title="bbox 277 2491 504 2574; baseline -0.018 -15"><span class='ocrx_word' id='word_1_105' title='bbox 277 2491 322 2560; x_wconf 83' lang='lat' dir='ltr'>Ut</span> <span class='ocrx_word' id='word_1_106' title='bbox 344 2513 404 2574; x_wconf 88' lang='lat' dir='ltr'>ego</span> <span class='ocrx_word' id='word_1_107' title='bbox 426 2491 504 2556; x_wconf 90' lang='lat' dir='ltr'>uidi.</span> 
     </span>
     <span class='ocr_line' id='line_1_19' title="bbox 775 2597 903 2678; baseline 0 -16"><span class='ocrx_word' id='word_1_108' title='bbox 775 2597 903 2678; x_wconf 84' lang='lat' dir='ltr'>Hegio</span> 
     </span>
     <span class='ocr_line' id='line_1_20' title="bbox 497 2705 786 2788; baseline -0.017 -16"><span class='ocrx_word' id='word_1_109' title='bbox 497 2705 605 2772; x_wconf 87' lang='lat' dir='ltr'>Meum</span> <span class='ocrx_word' id='word_1_110' title='bbox 629 2705 786 2788; x_wconf 81' lang='lat' dir='ltr'>gnatum?</span> 
     </span>
     <span class='ocr_line' id='line_1_21' title="bbox 734 2833 951 2918; baseline 0.014 -20"><span class='ocrx_word' id='word_1_111' title='bbox 734 2833 951 2918; x_wconf 85' lang='lat' dir='ltr'>Ergasilus</span> 
     </span>
     <span class='ocr_line' id='line_1_22' title="bbox 788 2942 1458 3028; baseline -0.004 -20"><span class='ocrx_word' id='word_1_112' title='bbox 788 2942 894 3008; x_wconf 90' lang='lat' dir='ltr'>Tuum</span> <span class='ocrx_word' id='word_1_113' title='bbox 917 2951 1049 3028; x_wconf 82' lang='lat' dir='ltr'>gustum</span> <span class='ocrx_word' id='word_1_114' title='bbox 1075 2953 1108 3010; x_wconf 86' lang='lat' dir='ltr'>et</span> <span class='ocrx_word' id='word_1_115' title='bbox 1130 2947 1261 3027; x_wconf 85' lang='lat' dir='ltr'>genium</span> <span class='ocrx_word' id='word_1_116' title='bbox 1283 2963 1386 3008; x_wconf 90' lang='lat' dir='ltr'>meum.</span> <span class='ocrx_word' id='word_1_117' title='bbox 1457 3023 1458 3026; x_wconf 8' lang='grc' dir='ltr'><strong>Ἴ</strong></span> 
     </span>
     <span class='ocr_line' id='line_1_23' title="bbox 776 3067 907 3150; baseline 0.031 -18"><span class='ocrx_word' id='word_1_118' title='bbox 776 3067 907 3150; x_wconf 88' lang='lat' dir='ltr'>Hegio</span> 
     </span>
     <span class='ocr_line' id='line_1_24' title="bbox 276 3176 854 3264; baseline -0.009 -18"><span class='ocrx_word' id='word_1_119' title='bbox 276 3180 320 3246; x_wconf 84' lang='lat' dir='ltr'>Et</span> <span class='ocrx_word' id='word_1_120' title='bbox 342 3179 507 3264; x_wconf 88' lang='lat' dir='ltr'>captiuum</span> <span class='ocrx_word' id='word_1_121' title='bbox 530 3177 621 3242; x_wconf 91' lang='lat' dir='ltr'>illum</span> <span class='ocrx_word' id='word_1_122' title='bbox 645 3176 854 3242; x_wconf 78' lang='lat' dir='ltr'>Alidensem?</span> 
     </span>
     <span class='ocr_line' id='line_1_25' title="bbox 731 3283 945 3368; baseline -0.009 -18"><span class='ocrx_word' id='word_1_123' title='bbox 731 3283 945 3368; x_wconf 88' lang='lat' dir='ltr'>Ergasilus</span> 
     </span>
     <span class='ocr_line' id='line_1_26' title="bbox 882 3383 1176 3457; baseline 0 -3"><span class='ocrx_word' id='word_1_124' title='bbox 882 3385 939 3454; x_wconf 73' lang='lat' dir='ltr'>Ma</span> <span class='ocrx_word' id='word_1_125' title='bbox 961 3385 1014 3454; x_wconf 71' lang='grc' dir='ltr'>τὸν</span> <span class='ocrx_word' id='word_1_126' title='bbox 1033 3383 1176 3457; x_wconf 76' lang='grc' dir='ltr'><strong><em>Ἀπόλλω.</em></strong></span> 
     </span>
     <span class='ocr_line' id='line_1_27' title="bbox 777 3501 902 3584; baseline -0.008 -17"><span class='ocrx_word' id='word_1_127' title='bbox 777 3501 902 3584; x_wconf 90' lang='lat' dir='ltr'>Hegio</span> 
     </span>
     <span class='ocr_line' id='line_1_28' title="bbox 1173 3605 1455 3679; baseline -0.025 -4"><span class='ocrx_word' id='word_1_128' title='bbox 1173 3609 1217 3675; x_wconf 87' lang='lat' dir='ltr'>Et</span> <span class='ocrx_word' id='word_1_129' title='bbox 1239 3609 1388 3674; x_wconf 88' lang='lat' dir='ltr'>seruolum</span> <span class='ocrx_word' id='word_1_130' title='bbox 1454 3605 1455 3679; x_wconf 79' lang='lat' dir='ltr'>l</span> 
     </span>
     <span class='ocr_line' id='line_1_29' title="bbox 276 3716 1195 3801; baseline -0.002 -19"><span class='ocrx_word' id='word_1_131' title='bbox 276 3716 385 3782; x_wconf 88' lang='lat' dir='ltr'>Meum</span> <span class='ocrx_word' id='word_1_132' title='bbox 409 3716 620 3798; x_wconf 84' lang='lat' dir='ltr'>Stalagmum,</span> <span class='ocrx_word' id='word_1_133' title='bbox 643 3737 750 3782; x_wconf 88' lang='lat' dir='ltr'>meum</span> <span class='ocrx_word' id='word_1_134' title='bbox 773 3717 828 3800; x_wconf 90' lang='lat' dir='ltr'>qui</span> <span class='ocrx_word' id='word_1_135' title='bbox 850 3725 986 3798; x_wconf 86' lang='lat' dir='ltr'>gnatum</span> <span class='ocrx_word' id='word_1_136' title='bbox 1010 3717 1195 3801; x_wconf 80' lang='lat' dir='ltr'>subripuit?</span> 
     </span>
     <span class='ocr_line' id='line_1_30' title="bbox 732 3801 1454 3908; baseline -0.001 -20"><span class='ocrx_word' id='word_1_137' title='bbox 732 3823 945 3908; x_wconf 87' lang='lat' dir='ltr'>Ergasilus</span> <span class='ocrx_word' id='word_1_138' title='bbox 1453 3801 1454 3877; x_wconf 84' lang='lat' dir='ltr'>l</span> 
     </span>
     <span class='ocr_line' id='line_1_31' title="bbox 1066 3923 1453 4016; baseline 0 -22"><span class='ocrx_word' id='word_1_139' title='bbox 1066 3925 1117 4011; x_wconf 78' lang='grc' dir='ltr'>Νὴ</span> <span class='ocrx_word' id='word_1_140' title='bbox 1139 3928 1196 3994; x_wconf 69' lang='grc' dir='ltr'>τὰν</span> <span class='ocrx_word' id='word_1_141' title='bbox 1217 3923 1327 4016; x_wconf 69' lang='grc' dir='ltr'><strong><em>Κόραν.</em></strong></span> <span class='ocrx_word' id='word_1_142' title='bbox 1344 3943 1386 3998; x_wconf 74' lang='lat' dir='ltr'>sto</span> <span class='ocrx_word' id='word_1_143' title='bbox 1452 3981 1453 3986; x_wconf 14' lang='grc' dir='ltr'><strong>κ</strong></span> 
     </span>
     <span class='ocr_line' id='line_1_32' title="bbox 777 3989 1453 4124; baseline -0.003 -20"><span class='ocrx_word' id='word_1_144' title='bbox 777 4039 902 4124; x_wconf 88' lang='lat' dir='ltr'>Hegio</span> <span class='ocrx_word' id='word_1_145' title='bbox 1452 3989 1453 4075; x_wconf 75' lang='lat' dir='ltr'>l</span> 
     </span>
    </p>
   </div>
   <div class='ocr_carea' id='block_1_5' title="bbox 277 4089 1160 4234">
    <p class='ocr_par' dir='ltr' id='par_1_5' title="bbox 277 4089 1452 4273">
     <span class='ocr_line' id='line_1_33' title="bbox 277 4089 1160 4234; baseline -0.004 -21"><span class='ocrx_word' id='word_1_146' title='bbox 277 4149 347 4215; x_wconf 91' lang='lat' dir='ltr'>Iam</span> <span class='ocrx_word' id='word_1_147' title='bbox 369 4149 389 4228; x_wconf 83' lang='lat'>†</span> <span class='ocrx_word' id='word_1_148' title='bbox 412 4149 478 4214; x_wconf 91' lang='lat' dir='ltr'>diu.</span> <span class='ocrx_word' id='word_1_149' title='bbox 524 4089 530 4104; x_wconf 37' lang='grc' dir='ltr'>Ι</span> <span class='ocrx_word' id='word_1_150' title='bbox 1157 4227 1160 4234; x_wconf 23' lang='grc'><strong><em>’</em></strong></span> 
     </span>
    </p>
   </div>
   <div class='ocr_carea' id='block_1_6' title="bbox 280 4311 458 4318">
    <p class='ocr_par' dir='ltr' id='par_1_6' title="bbox 280 4311 458 4318">
     <span class='ocr_line' id='line_1_34' title="bbox 280 4311 458 4318; baseline -0.011 0"><span class='ocrx_word' id='word_1_151' title='bbox 280 4311 458 4318; x_wconf 76' lang='lat'>-——--—</span> 
     </span>
    </p>
   </div>
   <div class='ocr_carea' id='block_1_7' title="bbox 345 4381 1066 4438">
    <p class='ocr_par' dir='ltr' id='par_1_7' title="bbox 345 4381 1066 4438">
     <span class='ocr_line' id='line_1_35' title="bbox 345 4381 1066 4438; baseline 0.003 -4"><span class='ocrx_word' id='word_1_152' title='bbox 345 4383 396 4434; x_wconf 82' lang='lat'>869</span> <span class='ocrx_word' id='word_1_153' title='bbox 414 4381 499 4434; x_wconf 87' lang='lat' dir='ltr'>alium</span> <span class='ocrx_word' id='word_1_154' title='bbox 551 4383 601 4435; x_wconf 80' lang='lat'>871</span> <span class='ocrx_word' id='word_1_155' title='bbox 621 4381 775 4436; x_wconf 85' lang='lat' dir='ltr'>saturuitas</span> <span class='ocrx_word' id='word_1_156' title='bbox 827 4383 877 4435; x_wconf 76' lang='lat'>875</span> <span class='ocrx_word' id='word_1_157' title='bbox 896 4385 981 4436; x_wconf 87' lang='lat' dir='ltr'>netan</span> <span class='ocrx_word' id='word_1_158' title='bbox 1000 4398 1066 4438; x_wconf 84' lang='lat' dir='ltr'>cora</span> 
     </span>
    </p>
   </div>
   <div class='ocr_carea' id='block_1_8' title="bbox 0 0 1472 5006">
    <p class='ocr_par' dir='ltr' id='par_1_8' title="bbox 0 0 1472 5006">
     <span class='ocr_line' id='line_1_36' title="bbox 0 0 1472 5006; baseline 0 0"><span class='ocrx_word' id='word_1_159' title='bbox 0 0 1472 5006; x_wconf 95' lang='lat' dir='ltr'> </span> 
     </span>
    </p>
   </div>
  </div>
 </body>
</html>
