2960 5012
568 517 708 574 Praefatio.
1126 525 1199 584 xm

162 712 203 770 At
223 713 255 771 in
277 711 363 770 hiatu
386 711 571 771 admittendo
594 714 715 772 nimiam
737 712 844 772 Plauto
866 714 1004 774 iniuriam
1026 715 1091 772 ieci.
1134 713 1197 790 Ego

82 839 150 880 sero
172 839 209 878 ne
232 819 397 898 Vergilium
419 820 539 897 quidem
561 820 599 880 ab
621 821 706 880 hiatu
728 819 906 880 abstinuisse
927 821 1031 894 videc;
1060 821 1198 880 Plautum

83 928 172 987 multo
194 930 303 1006 saepius
326 928 435 1002 hiesse,
460 928 594 988 Ciceroni
617 929 714 988 credo.
764 928 930 1004 Legitimos
959 931 1039 1008 apud
1061 931 1198 990 Plautum

82 1037 176 1096 hiatus
198 1057 263 1096 esse
285 1037 373 1097 video
396 1040 427 1096 in
450 1057 561 1096 casura
583 1039 768 1096 senariorum
791 1041 821 1095 et
842 1040 873 1096 in
896 1037 1011 1098 diaeresi
1033 1039 1199 1115 septenari-

81 1164 162 1204 ornm
186 1149 217 1203 et
245 1146 474 1205 octonariorum.
520 1145 592 1204 Post
621 1145 824 1220 monosyllaba
852 1146 974 1204 concedi
1003 1146 1118 1204 hiatum
1147 1166 1198 1222 ap·

81 1259 182 1329 paret,
216 1273 272 1313 nec
298 1255 396 1314 minus
423 1259 492 1312 aute
521 1273 583 1312 voc.
608 1273 636 1331 q.
661 1273 685 1311 e.
713 1251 847 1326 ,homo“,
877 1273 905 1313 v.
927 1254 1045 1328 Proleg.
1072 1274 1102 1331 p.
1127 1255 1198 1313 221.

80 1361 154 1420 Num
178 1361 258 1420 idem
281 1365 349 1420 ante
372 1362 430 1420 alia
451 1361 596 1420 vocabula
619 1361 655 1419 ab
678 1360 697 1418 h
719 1362 893 1438 incipientia
913 1360 1024 1422 fectum
1048 1363 1099 1435 sit,
1129 1381 1198 1420 num

80 1475 144 1544 post
165 1468 282 1528 finitam
304 1471 492 1543 sententiam,
521 1490 591 1528 num
618 1470 649 1528 in
671 1471 801 1528 transitu
824 1469 863 1528 ad
885 1471 1010 1529 alteram
1031 1489 1198 1548 personam,

81 1598 146 1635 num
170 1585 239 1654 post
261 1578 405 1654 bisyllaba
421 1577 553 1636 iambica
573 1598 717 1638 mensura
737 1583 883 1654 correpta,
907 1579 966 1636 alia
981 1579 1074 1636 multa
1092 1581 1199 1653 ignoro

81 1707 140 1758 nec,
165 1685 281 1763 legibus
303 1685 433 1746 nondum
456 1687 593 1756 inventis,
617 1703 740 1762 prorsus
763 1705 872 1761 negare
895 1687 999 1745 audeo.
1044 1685 1079 1744 In
1096 1687 1199 1744 multis

80 1793 225 1853 eiusmodi
253 1796 327 1854 locis
354 1794 467 1852 hiatum
494 1794 684 1853 librariorum
707 1795 802 1852 errori
824 1793 926 1852 deberi
949 1795 1037 1852 facile
1060 1795 1147 1854 credo
1171 1801 1201 1853 et
1278 1794 1280 1799 ’

81 1905 142 1979 ipse
174 1921 235 1961 nno
269 1907 300 1961 et
332 1903 426 1961 altero
459 1903 541 1975 loco,
580 1902 632 1960 ubi
659 1920 706 1960 res
735 1903 845 1960 certior
878 1902 1052 1975 videbatur,
1086 1902 1199 1960 hiatum

82 2004 239 2084 sustuli*),
273 2010 326 2068 sed
353 2011 529 2088 plerumque
557 2010 666 2086 reliqui
695 2011 826 2082 veritus,
861 2029 897 2068 ne
920 2010 998 2068 forte
1020 2030 1053 2068 rs
1076 2013 1200 2070 minoris

82 2120 223 2176 momenti
245 2117 402 2176 emendata
423 2119 564 2176 maiorem
586 2123 682 2195 poeta
703 2119 734 2175 in
759 2117 825 2176 aliis
847 2117 934 2176 rebus
962 2119 1101 2176 iniuriam
1123 2119 1199 2178 face-

81 2245 151 2284 rem.
197 2227 303 2304 Itaque
325 2225 377 2284 ubi
399 2245 459 2284 nou
480 2246 573 2284 unum
594 2225 755 2284 remedium
778 2225 965 2302 suppetebat,
990 2225 1040 2284 sed
1062 2227 1150 2304 plure
1171 2234 1201 2286 et

82 2353 161 2410 eque
190 2333 271 2392 bona
301 2339 353 2392 aut
381 2335 535 2411 proposita
563 2339 649 2391 erant
678 2339 730 2392 eut
763 2335 893 2410 proponi
921 2339 1074 2410 poterant,
1110 2337 1201 2394 malui

83 2441 184 2500 lectori
205 2444 356 2520 optionem
374 2443 454 2516 dare,
478 2445 504 2500 si
523 2440 595 2519 quid
612 2461 724 2514 eorum,
748 2460 813 2518 quaa
830 2443 862 2502 in
880 2444 1089 2500 commentario
1109 2443 1202 2502 allata

86 2553 187 2622 essent,
218 2551 246 2608 ei
268 2550 410 2626 placeret,
440 2569 616 2628 quamque
639 2550 712 2608 mihi
733 2552 791 2628 ipsi
812 2553 927 2608 incerta
948 2550 1126 2610 videbantur
1147 2571 1202 2630 pro

88 2660 172 2716 certis
195 2657 359 2717 venditare.

167 2765 296 2825 Omnino
324 2768 355 2824 in
384 2771 445 2824 tam
474 2767 598 2824 incertis
626 2766 729 2838 rebus,
763 2768 795 2824 in
823 2768 970 2845 scriptore
1004 2773 1035 2824 et
1062 2767 1119 2826 sibi
1146 2769 1205 2844 ipsi

89 2891 187 2948 parum
206 2875 355 2933 constanti
372 2879 403 2932 st
421 2875 504 2933 cuius
515 2873 608 2932 verba
624 2893 683 2932 non
701 2876 813 2951 optime
830 2873 944 2934 tradita
961 2881 1067 2949 essent,
1091 2895 1206 2936 summa

91 2983 182 3040 cautio
206 2981 315 3040 editori
338 2981 505 3048 adhibenda
527 2987 600 3054 erat,
624 2983 705 3041 acsi
728 2982 847 3060 quando
871 2983 994 3042 liberius
1017 3003 1104 3061 agera
1127 2987 1205 3044 ratio

90 3090 214 3165 cogebat,
240 3095 310 3149 ante
327 3092 427 3165 omnia
447 3090 667 3168 providendum
690 3096 765 3164 erat,
788 3095 822 3150 ut
840 3093 937 3169 primo
954 3092 1098 3168 adspectu
1116 3111 1206 3170 appa-

90 3205 176 3270 reret,
218 3197 292 3275 quid
323 3199 423 3258 Plauti
456 3219 519 3258 esse
553 3201 683 3276 antiquis
715 3201 896 3258 testimoniis
930 3205 1092 3273 constaret,
1134 3201 1207 3277 quid

91 3307 255 3364 coniectura
287 3310 319 3366 iu
352 3313 467 3366 textum
500 3313 653 3384 receptum
687 3313 775 3366 esset.
845 3307 911 3366 Hoc
947 3309 978 3366 in
1014 3307 1126 3366 lacunis
1160 3328 1208 3367 ex·

90 3413 200 3488 plaudis
223 3417 340 3474 cursiva
360 3415 528 3474 litterarum
554 3417 701 3493 scriptura
723 3416 865 3474 facillime
888 3417 1088 3492 assequimur,
1114 3436 1208 3494 eaque

91 3521 123 3578 ds
153 3543 245 3582 causa
277 3525 308 3582 in
341 3523 484 3583 addendis
517 3523 640 3583 vocibus
668 3524 818 3583 interdum
848 3526 944 3583 minus
976 3525 1134 3602 religiosus
1165 3526 1207 3584 lui

58 3699 62 3710 .
91 3648 173 3704 quam
200 3635 233 3690 in
264 3631 431 3706 mutandis,
463 3635 606 3710 qnoniam
634 3638 779 3692 mutatam
803 3635 980 3709 scripturam
1003 3653 1068 3692 ease
1090 3639 1207 3692 tantum

91 3741 215 3798 varietas
238 3741 335 3798 textui
358 3739 505 3814 subiecta,
535 3741 670 3800 mutandi
693 3761 827 3814 causam,
857 3742 904 3800 vel
927 3743 1101 3800 certissimis
1124 3745 1209 3801 testi-

92 3849 191 3907 moniis
214 3849 333 3922 nixam,
364 3851 590 3908 commentcrius
612 3849 734 3909 indicat.
792 3849 888 3909 Locos
911 3851 956 3908 ita
978 3855 1146 3928 corruptos,
1177 3857 1211 3910 ut

92 3973 125 4012 ne
155 3957 305 4016 sententia
338 3957 457 4034 quidem
491 3962 571 4016 certa
604 3964 777 4036 appareret,
814 3979 900 4017 cruce
930 3952 1118 4035 signavi**);
1160 3959 1211 4018 ubi

109 4139 133 4207 *l
158 4142 219 4198 Huc
228 4144 359 4213 pertinet,
374 4145 450 4214 quod
462 4145 524 4199 med
537 4149 566 4199 et
580 4145 682 4199 similia
697 4145 803 4214 scripsi,
822 4145 872 4200 ubi
885 4145 991 4200 vocalis
1006 4146 1091 4214 longa
1104 4151 1211 4214 mauet3

156 4229 204 4282 nbi
221 4230 316 4284 brevia
336 4233 384 4284 aut
403 4233 446 4285 est
465 4235 514 4284 aut
532 4247 592 4285 esse
610 4236 711 4300 potest,
729 4248 771 4286 me
788 4231 895 4300 reliqui.

10 4291 11 4346 3
96 4309 134 4379 ”l
160 4312 217 4368 Hic'
231 4331 452 4370 commemorare
471 4315 556 4370 liceat
574 4317 786 4386 Amphitruonis
804 4317 915 4386 prologi
933 4333 1043 4370 versum
1062 4319 1110 4384 72,
1131 4334 1212 4386 quem

158 4416 242 4466 quum
252 4405 415 4470 corruptum
425 4418 484 4456 essa
495 4402 690 4469 ostendissem,
701 4419 783 4458 cruce
796 4403 925 4471 adposita
933 4402 1034 4471 reliqui
1043 4402 1210 4472 scripturam
