2956 5010
547 549 579 603 v.
598 551 742 604 seo-sn.
1144 559 1206 620 489

82 743 170 816 dioit,
206 745 290 820 quia,
325 750 359 803 ut
385 747 471 822 pueri
498 744 730 818 Lacedaemonii,
766 745 807 804 sio
836 751 866 804 et
893 747 1017 824 parasiti
1045 747 1149 825 plagas
1178 754 1208 808 st

81 845 209 904 verbera
230 847 307 905 farre
324 852 546 919 consueverant,
570 867 598 906 v.
623 867 714 925 supra
732 847 768 905 ad
787 849 841 920 88;
866 847 901 906 ol.
922 847 1040 908 Petron.
1054 849 1114 910 Sat.
1132 849 1205 911 105:

84 953 166 1021 „tres
183 949 288 1026 plagas
308 948 457 1028 Spartana
473 949 632 1008 nobilitate
650 945 802 1008 concoxi“.
821 979 862 990 -
878 946 935 1010 arsi
956 945 1098 1012 subsellii
1120 953 1205 1012 codd.

80 1051 110 1110 h.
135 1052 155 1110 l.
181 1057 211 1110 et
233 1051 325 1112 Stich.
349 1053 425 1112 489:
461 1051 566 1124 „Haud
588 1053 707 1130 postulo
731 1051 849 1128 quidem
873 1073 918 1111 ms
940 1055 971 1111 in
994 1053 1071 1114 lecto
1094 1075 1206 1114 aooum-

80 1155 168 1226 bare,
204 1157 261 1213 seis
288 1159 321 1213 tu
349 1175 396 1213 me
425 1175 488 1213 esse
517 1155 568 1213 uni
597 1154 720 1214 subselli
741 1151 870 1214 uirum“.
926 1155 1012 1228 Quod
1035 1177 1125 1234 quum
1147 1177 1207 1216 non

80 1257 318 1332 intelligeretur,
351 1257 417 1317 edd.
441 1257 510 1316 inda
533 1278 550 1314 a
571 1257 625 1316 Pio
652 1259 721 1330 „imi
745 1255 896 1317 subsellii“
921 1259 1121 1336 scripserunt,
1157 1280 1207 1320 eos

81 1357 246 1436 significari
270 1364 431 1432 censentes,
456 1359 563 1437 quibus
586 1359 705 1418 infimus
729 1359 923 1419 accumbendi
940 1361 1022 1420 loeus
1040 1365 1207 1439 assignatus

81 1466 173 1534 assat,
198 1482 231 1520 ao
253 1461 375 1520 fuorunt
397 1464 448 1539 qui
471 1462 589 1520 Senecae
611 1463 707 1521 locum
728 1461 869 1522 afferrent
886 1461 964 1522 Dial.
976 1463 1015 1536 11,
1036 1465 1084 1538 15,
1105 1467 1135 1522 l:
1164 1467 1207 1538 „si

82 1567 115 1622 in
140 1565 277 1624 convivio
300 1566 378 1642 regis
405 1565 578 1624 recumbere
606 1566 684 1624 iufra
712 1585 843 1624 mensam
865 1567 1004 1642 vescique
1027 1586 1091 1625 oum
1116 1569 1208 1625 servis
1268 1611 1271 1616 -

79 1667 281 1742 ignominiosa
298 1665 395 1724 officia
414 1669 528 1725 sortitis
545 1666 725 1728 iubebitur“.
761 1668 906 1727 Luchsius
923 1667 1049 1741 demum,
1069 1668 1206 1727 Genetiv-

78 1769 209 1846 bildung
237 1767 291 1826 dar
318 1770 372 1826 lat.
396 1769 578 1828 Pronomina
599 1790 628 1846 p.
653 1772 687 1842 8,
723 1771 856 1830 eodioum
885 1773 1062 1849 scripturam
1091 1775 1207 1830 tutatus

79 1877 136 1942 est,
160 1867 224 1942 uni,
248 1873 266 1928 i.
292 1891 316 1928 e.
340 1872 438 1930 unius.
489 1871 547 1932 Sed
575 1875 605 1931 iu
629 1873 795 1931 enarrando
819 1875 944 1946 erravit3
977 1870 1101 1946 „soliusl
1129 1875 1207 1932 enim

80 1977 302 2050 interpretatur
326 1980 355 2032 et
376 1975 509 2051 parasito
532 1975 707 2034 subsellium
729 1975 840 2046 solum,
865 1977 972 2034 ceteris
996 1977 1126 2034 convivis
1149 1977 1206 2034 leo·

77 2084 145 2135 tum
169 2095 234 2134 oum
256 2076 397 2135 subsellio
419 2077 536 2134 tribuit.
572 2077 681 2136 Varum
701 2077 874 2136 subsellium
897 2097 955 2135 non
979 2083 1024 2137 est
1045 2098 1205 2137 scamnum.

77 2181 105 2237 A
130 2178 211 2236 leoto
235 2179 355 2237 differre
378 2183 505 2256 apparet
532 2199 567 2237 ex
591 2179 681 2239 Stich.
708 2183 766 2239 699
792 2187 822 2238 st
843 2179 928 2240 Varr.
952 2179 987 2240 L.
1012 2179 1046 2239 L.
1070 2180 1104 2252 V,
1131 2183 1206 2240 128:

80 2281 186 2358 „quod
209 2301 269 2340 non
291 2281 379 2357 plane
404 2287 469 2338 erat
491 2281 580 2354 sella,
611 2281 796 2354 subsellium3
831 2282 882 2340 ubi
910 2283 941 2340 in
970 2283 1114 2342 eiusmodi
1138 2283 1205 2357 duo,
1268 2277 1270 2280 ’

76 2383 234 2443 bisellium
259 2379 402 2442 diotum‘⁴.
458 2383 601 2442 Videmus
623 2383 660 2442 ad
684 2383 860 2456 sedendum,
894 2403 955 2443 non
978 2385 1016 2444 ad
1039 2386 1206 2444 cubandum

79 2487 234 2545 destinata
263 2506 327 2544 assa
356 2487 512 2560 subsellia,
548 2507 581 2544 ae
609 2487 748 2564 frequens
777 2507 878 2545 eorum
906 2491 1018 2546 mantio
1045 2495 1090 2546 est
1119 2495 1148 2546 et
1176 2493 1207 2547 in

76 2589 209 2648 theatris
234 2583 280 2660 (ut
301 2589 408 2666 Amph.
434 2582 487 2664 65)
511 2595 541 2648 et
562 2591 593 2647 in
615 2589 816 2648 tribunalibus
841 2596 870 2648 et
891 2591 922 2648 in
946 2593 1060 2648 senatu.
1112 2590 1207 2650 Unius

77 2690 218 2751 subsellii
250 2692 298 2748 vir
329 2693 479 2768 parasitus
513 2699 641 2769 propter
672 2697 882 2769 paupertatem
913 2693 1038 2765 dieitur,
1074 2699 1108 2752 ut
1138 2698 1209 2771 pote

78 2796 134 2871 qui
157 2793 239 2850 domi
261 2813 320 2852 suae
343 2813 433 2851 unum
457 2795 550 2852 solum
574 2795 744 2853 subsellium
767 2794 892 2867 habeat3
922 2815 975 2853 neo
1003 2795 1066 2854 haee
1095 2796 1207 2854 locutio

79 2896 119 2954 ad
145 2896 312 2954 convivium
336 2897 483 2978 pertinet3
518 2898 607 2955 immo
635 2899 784 2972 parasitus
813 2897 861 2955 hio
884 2899 1034 2974 queritur,
1069 2898 1148 2976 quod
1176 2901 1208 2957 in

77 2999 253 3057 convivium
283 2999 401 3056 omnino
430 3019 489 3056 non
520 2998 707 3057 adhibeatur.
736 3027 778 3038 -
807 2999 878 3058 471.
907 2995 1140 3076 playipatlele8‚
1171 3001 1206 3060 ol.

75 3099 172 3159 Most.
200 3099 277 3172 349,
300 3103 535 3176 patronymicum
561 3103 670 3159 comice
693 3102 869 3174 formatum,
898 3121 926 3159 v.
951 3103 986 3160 ad
1009 3101 1110 3160 Aulul.
1137 3105 1206 3161 362.

76 3231 122 3243 -
154 3195 265 3273 uerba,
301 3203 336 3260 cl.
365 3199 513 3275 „dictum“
538 3224 565 3262 v.
590 3205 667 3274 481;
701 3203 747 3261 hae
778 3203 846 3260 sola
871 3223 971 3262 eorum
994 3203 1105 3262 divitia
1128 3209 1207 3264 sunt.

75 3335 122 3346 --
147 3305 220 3362 472.
243 3299 304 3380 qui,
329 3299 468 3364 lubenter
490 3311 562 3378 ste,
590 3305 658 3382 „qui
684 3325 743 3376 eos,
768 3306 847 3381 apud
872 3327 946 3383 quos
971 3305 1098 3365 iuounds
1121 3327 1208 3365 osna-

74 3409 196 3478 verint,
230 3407 358 3464 vicissim
389 3407 507 3486 domurn
537 3427 619 3466 suam
641 3404 800 3478 invitant“,
835 3407 939 3466 Lamb.
964 3409 1029 3466 coll.
1054 3408 1114 3467 Cio.
1140 3409 1206 3468 Fiu.

78 3510 165 3583 11‚e,
186 3510 240 3566 24:
268 3508 352 3580 „Non
376 3515 464 3586 negat
486 3509 613 3568 libenter
631 3531 770 3587 umquam
789 3531 908 3568 cenasse
927 3510 1104 3583 Gallonium,
1128 3533 1207 3569 msu-

74 3616 191 3671 tiretur
214 3614 301 3683 enirn,
325 3611 376 3669 sed
398 3609 504 3671 bene“.
532 3643 566 3652 -
593 3615 664 3672 473.
688 3607 759 3689 Ipsi
782 3613 942 3688 opsoetarzl.
987 3613 1209 3692 Theophrastus

76 3716 172 3772 etiam
197 3711 282 3770 Char.
310 3715 344 3771 ll
370 3713 508 3790 βδελυρίας
537 3735 600 3772 esse
627 3715 702 3773 elisit
731 3715 847 3792 ὀψωνεῖν
876 3717 960 3792 ἑαυτῷ
982 3717 1026 3773 καὶ
1049 3718 1208 3794 αὐλητρίδας

73 3817 266 3892 praeessem.
310 3815 438 3876 Parasiti
466 3819 496 3874 in
524 3816 580 3874 hac
607 3837 639 3875 re
668 3837 760 3894 opera
782 3824 934 3896 spectatur
956 3819 1022 3878 Ter.
1046 3821 1122 3879 Eun.
1147 3823 1207 3879 255

75 3940 147 3997 sqq.
173 3918 210 3976 oi.
235 3917 277 3974 Pl.
301 3917 366 3978 Mil.
392 3921 462 3979 668.
495 3949 532 3959 -
558 3921 629 3977 474.
665 3921 770 3995 aperto
795 3918 907 3996 eapite,
936 3924 997 3979 sine
1021 3923 1142 3998 pudore.
1165 3951 1209 3961 -

76 4023 155 4080 475.
179 4016 213 4078 in
238 4014 327 4092 tribu,
352 4023 489 4081 comitiis.
524 4021 569 4080 Ne
593 4022 692 4080 hiatus
716 4025 755 4080 sit
777 4031 846 4099 post
868 4024 896 4083 b.
914 4043 953 4098 m,
974 4025 1059 4082 Both.
1078 4033 1206 4101 transp:

79 4128 208 4198 „sontes
243 4129 349 4199 aperto
383 4119 511 4202 copits“.
567 4123 686 4182 Mtiller.
719 4124 845 4201 „quom“
883 4125 980 4198 addit3
1014 4126 1127 4185 Ritsch.
1157 4127 1206 4186 Br.

80 4219 228 4300 „tribud“
260 4253 302 4263 -
337 4221 544 4285 condemnent
569 4228 627 4284 iarn
656 4229 686 4284 in
715 4227 799 4287 codd.
832 4229 1028 4287 emendatum.
1058 4259 1101 4269 -
1135 4229 1206 4287 476.

76 4325 148 4388 iam
177 4322 311 4385 teruncii
338 4329 406 4386 olim
435 4329 629 4387 emendatum.
654 4359 695 4368 -
723 4330 794 4389 477.
825 4331 933 4389 Versus
962 4351 1050 4389 causa
1077 4331 1208 4390 Bossoha

76 4435 111 4490 et
141 4428 278 4487 Lindem.
310 4429 479 4508 „Namqus“
506 4430 568 4504 sd.,
603 4431 648 4489 Fl.
683 4430 775 4504 „Nam
803 4428 877 4492 uti“.
934 4433 1087 4509 Seyffert,
1121 4433 1206 4491 Stud.
