<?xml version="1.0" encoding="UTF-8"?>
<!DOCTYPE html PUBLIC "-//W3C//DTD XHTML 1.0 Transitional//EN"
    "http://www.w3.org/TR/xhtml1/DTD/xhtml1-transitional.dtd">
<html xmlns="http://www.w3.org/1999/xhtml" xml:lang="en" lang="en">
 <head>
  <title>
</title>
<meta http-equiv="Content-Type" content="text/html;charset=utf-8" />
  <meta name='ocr-system' content='tesseract 3.04.00' />
  <meta name='ocr-capabilities' content='ocr_page ocr_carea ocr_par ocr_line ocrx_word'/>
</head>
<body>
  <div class='ocr_page' id='page_1' title='image "./tmacciiplautico00ussigoog_0022.png"; bbox 0 0 2960 5012; ppageno 0'>
   <div class='ocr_carea' id='block_1_1' title="bbox 544 520 1171 589">
    <p class='ocr_par' dir='ltr' id='par_1_1' title="bbox 544 520 1171 589">
     <span class='ocr_line' id='line_1_1' title="bbox 544 520 1171 589; baseline -0.002 -15"><span class='ocrx_word' id='word_1_1' title='bbox 544 520 682 575; x_wconf 80' lang='lat' dir='ltr'>Praelatio.</span> <span class='ocrx_word' id='word_1_2' title='bbox 1116 529 1171 589; x_wconf 75' lang='lat' dir='ltr'>xv</span> 
     </span>
    </p>
   </div>
   <div class='ocr_carea' id='block_1_2' title="bbox 70 708 1178 1984">
    <p class='ocr_par' dir='ltr' id='par_1_2' title="bbox 70 708 1173 1442">
     <span class='ocr_line' id='line_1_2' title="bbox 74 708 1170 794; baseline 0.004 -20"><span class='ocrx_word' id='word_1_3' title='bbox 74 713 177 788; x_wconf 86' lang='lat' dir='ltr'>,uitao“</span> <span class='ocrx_word' id='word_1_4' title='bbox 211 712 305 792; x_wconf 86' lang='lat' dir='ltr'>(Capt.</span> <span class='ocrx_word' id='word_1_5' title='bbox 338 708 413 790; x_wconf 86' lang='grc'>879)</span> <span class='ocrx_word' id='word_1_6' title='bbox 448 721 500 774; x_wconf 89' lang='lat' dir='ltr'>aut</span> <span class='ocrx_word' id='word_1_7' title='bbox 533 712 637 793; x_wconf 80' lang='lat' dir='ltr'>,quia“</span> <span class='ocrx_word' id='word_1_8' title='bbox 669 735 724 792; x_wconf 94' lang='lat' dir='ltr'>pro</span> <span class='ocrx_word' id='word_1_9' title='bbox 758 713 935 794; x_wconf 86' lang='lat' dir='ltr'>„quoniam“</span> <span class='ocrx_word' id='word_1_10' title='bbox 973 713 1070 790; x_wconf 83' lang='lat' dir='ltr'>(Gurc.</span> <span class='ocrx_word' id='word_1_11' title='bbox 1097 716 1170 791; x_wconf 81' lang='lat'>136)</span> 
     </span>
     <span class='ocr_line' id='line_1_3' title="bbox 71 821 1173 903; baseline 0.002 -21"><span class='ocrx_word' id='word_1_12' title='bbox 71 829 115 883; x_wconf 91' lang='lat' dir='ltr'>aut</span> <span class='ocrx_word' id='word_1_13' title='bbox 141 821 308 900; x_wconf 79' lang='lat' dir='ltr'>,magnam“</span> <span class='ocrx_word' id='word_1_14' title='bbox 339 843 394 901; x_wconf 92' lang='lat' dir='ltr'>pro</span> <span class='ocrx_word' id='word_1_15' title='bbox 426 822 617 896; x_wconf 84' lang='lat' dir='ltr'>„maximam“</span> <span class='ocrx_word' id='word_1_16' title='bbox 646 821 742 898; x_wconf 84' lang='lat' dir='ltr'>(Oura.</span> <span class='ocrx_word' id='word_1_17' title='bbox 768 821 841 897; x_wconf 81' lang='lat'>334)</span> <span class='ocrx_word' id='word_1_18' title='bbox 873 832 924 884; x_wconf 88' lang='lat' dir='ltr'>aut</span> <span class='ocrx_word' id='word_1_19' title='bbox 953 822 1085 902; x_wconf 83' lang='lat' dir='ltr'>„neque“</span> <span class='ocrx_word' id='word_1_20' title='bbox 1117 845 1173 903; x_wconf 88' lang='lat' dir='ltr'>pro</span> 
     </span>
     <span class='ocr_line' id='line_1_4' title="bbox 74 926 1171 1011; baseline 0.002 -21"><span class='ocrx_word' id='word_1_21' title='bbox 74 927 148 1003; x_wconf 85' lang='lat' dir='ltr'>,aut“</span> <span class='ocrx_word' id='word_1_22' title='bbox 173 926 267 1006; x_wconf 85' lang='lat' dir='ltr'>(Cura.</span> <span class='ocrx_word' id='word_1_23' title='bbox 294 928 367 1005; x_wconf 88' lang='grc'>594)</span> <span class='ocrx_word' id='word_1_24' title='bbox 399 937 451 990; x_wconf 89' lang='lat' dir='ltr'>aut</span> <span class='ocrx_word' id='word_1_25' title='bbox 481 937 596 1004; x_wconf 90' lang='lat' dir='ltr'>„et...</span> <span class='ocrx_word' id='word_1_26' title='bbox 616 929 663 990; x_wconf 83' lang='lat' dir='ltr'>et“</span> <span class='ocrx_word' id='word_1_27' title='bbox 695 951 748 1008; x_wconf 88' lang='lat' dir='ltr'>pro</span> <span class='ocrx_word' id='word_1_28' title='bbox 780 953 924 1010; x_wconf 90' lang='lat' dir='ltr'>„qua...</span> <span class='ocrx_word' id='word_1_29' title='bbox 945 931 1020 1011; x_wconf 86' lang='lat' dir='ltr'>qua“</span> <span class='ocrx_word' id='word_1_30' title='bbox 1052 929 1171 1006; x_wconf 88' lang='lat' dir='ltr'>(Philol.</span> 
     </span>
     <span class='ocr_line' id='line_1_5' title="bbox 70 1034 1173 1117; baseline 0.003 -20"><span class='ocrx_word' id='word_1_31' title='bbox 70 1039 195 1113; x_wconf 82' lang='lat' dir='ltr'>XXXVI,</span> <span class='ocrx_word' id='word_1_32' title='bbox 224 1060 253 1116; x_wconf 92' lang='lat' dir='ltr'>p.</span> <span class='ocrx_word' id='word_1_33' title='bbox 278 1034 363 1117; x_wconf 79' lang='lat'>284).</span> <span class='ocrx_word' id='word_1_34' title='bbox 418 1041 465 1098; x_wconf 86' lang='lat' dir='ltr'>An</span> <span class='ocrx_word' id='word_1_35' title='bbox 487 1059 546 1098; x_wconf 90' lang='lat' dir='ltr'>non</span> <span class='ocrx_word' id='word_1_36' title='bbox 576 1040 693 1099; x_wconf 89' lang='lat' dir='ltr'>librarii</span> <span class='ocrx_word' id='word_1_37' title='bbox 723 1040 784 1098; x_wconf 85' lang='lat' dir='ltr'>haec</span> <span class='ocrx_word' id='word_1_38' title='bbox 812 1046 982 1116; x_wconf 80' lang='lat' dir='ltr'>mutarunt,</span> <span class='ocrx_word' id='word_1_39' title='bbox 1017 1042 1068 1100; x_wconf 87' lang='lat' dir='ltr'>sed</span> <span class='ocrx_word' id='word_1_40' title='bbox 1099 1045 1173 1100; x_wconf 88' lang='lat' dir='ltr'>anti·</span> 
     </span>
     <span class='ocr_line' id='line_1_6' title="bbox 71 1147 1173 1227; baseline 0.003 -22"><span class='ocrx_word' id='word_1_41' title='bbox 71 1151 162 1222; x_wconf 86' lang='lat' dir='ltr'>quiore</span> <span class='ocrx_word' id='word_1_42' title='bbox 182 1155 312 1224; x_wconf 88' lang='lat' dir='ltr'>tempore</span> <span class='ocrx_word' id='word_1_43' title='bbox 334 1150 519 1226; x_wconf 81' lang='lat' dir='ltr'>grammatici</span> <span class='ocrx_word' id='word_1_44' title='bbox 542 1153 572 1207; x_wconf 90' lang='lat' dir='ltr'>et</span> <span class='ocrx_word' id='word_1_45' title='bbox 594 1147 775 1207; x_wconf 72' lang='lat' dir='ltr'><strong>histriones?</strong></span> <span class='ocrx_word' id='word_1_46' title='bbox 825 1149 887 1208; x_wconf 87' lang='lat' dir='ltr'>Hos</span> <span class='ocrx_word' id='word_1_47' title='bbox 910 1151 1003 1227; x_wconf 71' lang='lat' dir='ltr'>igitur</span> <span class='ocrx_word' id='word_1_48' title='bbox 1026 1151 1054 1208; x_wconf 75' lang='lat' dir='ltr'>iri</span> <span class='ocrx_word' id='word_1_49' title='bbox 1079 1150 1173 1208; x_wconf 91' lang='lat' dir='ltr'>credi·</span> 
     </span>
     <span class='ocr_line' id='line_1_7' title="bbox 71 1257 1173 1336; baseline 0.003 -23"><span class='ocrx_word' id='word_1_50' title='bbox 71 1275 125 1314; x_wconf 87' lang='lat' dir='ltr'>nas</span> <span class='ocrx_word' id='word_1_51' title='bbox 150 1261 310 1334; x_wconf 86' lang='lat' dir='ltr'>spectasse,</span> <span class='ocrx_word' id='word_1_52' title='bbox 343 1261 378 1315; x_wconf 89' lang='lat' dir='ltr'>ut</span> <span class='ocrx_word' id='word_1_53' title='bbox 400 1257 500 1316; x_wconf 88' lang='lat' dir='ltr'>Plauti</span> <span class='ocrx_word' id='word_1_54' title='bbox 528 1277 632 1316; x_wconf 85' lang='lat' dir='ltr'>versus</span> <span class='ocrx_word' id='word_1_55' title='bbox 663 1257 797 1315; x_wconf 88' lang='lat' dir='ltr'>consulto</span> <span class='ocrx_word' id='word_1_56' title='bbox 827 1258 1072 1336; x_wconf 73' lang='lat' dir='ltr'>corrumperent?</span> <span class='ocrx_word' id='word_1_57' title='bbox 1106 1279 1173 1316; x_wconf 88' lang='lat' dir='ltr'>nam</span> 
     </span>
     <span class='ocr_line' id='line_1_8' title="bbox 71 1364 867 1442; baseline 0.004 -21"><span class='ocrx_word' id='word_1_58' title='bbox 71 1364 200 1424; x_wconf 88' lang='lat' dir='ltr'>eiusmodi</span> <span class='ocrx_word' id='word_1_59' title='bbox 222 1365 435 1424; x_wconf 76' lang='lat' dir='ltr'>mutationibus</span> <span class='ocrx_word' id='word_1_60' title='bbox 458 1365 533 1424; x_wconf 92' lang='lat' dir='ltr'>nihil</span> <span class='ocrx_word' id='word_1_61' title='bbox 557 1365 636 1424; x_wconf 88' lang='lat' dir='ltr'>alind</span> <span class='ocrx_word' id='word_1_62' title='bbox 659 1365 734 1424; x_wconf 85' lang='lat' dir='ltr'>effici</span> <span class='ocrx_word' id='word_1_63' title='bbox 758 1367 867 1442; x_wconf 89' lang='lat' dir='ltr'>potuit.</span> 
     </span>
    </p>

    <p class='ocr_par' dir='ltr' id='par_1_3' title="bbox 70 1471 1178 1984">
     <span class='ocr_line' id='line_1_9' title="bbox 143 1471 1175 1551; baseline -0.001 -19"><span class='ocrx_word' id='word_1_64' title='bbox 143 1471 206 1532; x_wconf 84' lang='lat' dir='ltr'>Non</span> <span class='ocrx_word' id='word_1_65' title='bbox 234 1475 331 1531; x_wconf 89' lang='lat' dir='ltr'>minus</span> <span class='ocrx_word' id='word_1_66' title='bbox 359 1494 376 1531; x_wconf 91' lang='lat' dir='ltr'>a</span> <span class='ocrx_word' id='word_1_67' title='bbox 404 1475 496 1532; x_wconf 90' lang='lat' dir='ltr'>nimia</span> <span class='ocrx_word' id='word_1_68' title='bbox 525 1473 683 1532; x_wconf 86' lang='lat' dir='ltr'>verborum</span> <span class='ocrx_word' id='word_1_69' title='bbox 714 1478 745 1531; x_wconf 90' lang='lat' dir='ltr'>et</span> <span class='ocrx_word' id='word_1_70' title='bbox 771 1493 908 1532; x_wconf 82' lang='lat' dir='ltr'>versuum</span> <span class='ocrx_word' id='word_1_71' title='bbox 942 1475 1175 1551; x_wconf 79' lang='lat' dir='ltr'>transpositione</span> 
     </span>
     <span class='ocr_line' id='line_1_10' title="bbox 72 1579 1172 1658; baseline 0.004 -22"><span class='ocrx_word' id='word_1_72' title='bbox 72 1579 195 1640; x_wconf 88' lang='lat' dir='ltr'>abstinui.</span> <span class='ocrx_word' id='word_1_73' title='bbox 246 1579 340 1640; x_wconf 84' lang='lat' dir='ltr'>Video</span> <span class='ocrx_word' id='word_1_74' title='bbox 369 1583 447 1640; x_wconf 88' lang='lat' dir='ltr'>enim</span> <span class='ocrx_word' id='word_1_75' title='bbox 477 1579 541 1640; x_wconf 89' lang='lat' dir='ltr'>fieri</span> <span class='ocrx_word' id='word_1_76' title='bbox 571 1583 702 1658; x_wconf 87' lang='lat' dir='ltr'>potuisse</span> <span class='ocrx_word' id='word_1_77' title='bbox 730 1586 760 1638; x_wconf 93' lang='lat' dir='ltr'>et</span> <span class='ocrx_word' id='word_1_78' title='bbox 787 1581 938 1640; x_wconf 87' lang='lat' dir='ltr'>interdum</span> <span class='ocrx_word' id='word_1_79' title='bbox 969 1583 1079 1640; x_wconf 84' lang='lat' dir='ltr'>lactum</span> <span class='ocrx_word' id='word_1_80' title='bbox 1102 1602 1172 1654; x_wconf 85' lang='lat' dir='ltr'>esse,</span> 
     </span>
     <span class='ocr_line' id='line_1_11' title="bbox 70 1689 1175 1766; baseline 0.003 -22"><span class='ocrx_word' id='word_1_81' title='bbox 70 1693 98 1745; x_wconf 90' lang='lat' dir='ltr'>ut</span> <span class='ocrx_word' id='word_1_82' title='bbox 117 1689 286 1748; x_wconf 78' lang='lat' dir='ltr'>vocabalum</span> <span class='ocrx_word' id='word_1_83' title='bbox 310 1689 431 1766; x_wconf 83' lang='lat' dir='ltr'>aliquod</span> <span class='ocrx_word' id='word_1_84' title='bbox 454 1709 471 1748; x_wconf 92' lang='lat' dir='ltr'>a</span> <span class='ocrx_word' id='word_1_85' title='bbox 493 1690 616 1749; x_wconf 88' lang='lat' dir='ltr'>librario</span> <span class='ocrx_word' id='word_1_86' title='bbox 639 1691 869 1766; x_wconf 72' lang='lat' dir='ltr'>pretermissum</span> <span class='ocrx_word' id='word_1_87' title='bbox 887 1695 938 1748; x_wconf 92' lang='lat' dir='ltr'>aut</span> <span class='ocrx_word' id='word_1_88' title='bbox 955 1693 1092 1766; x_wconf 87' lang='lat' dir='ltr'>proximo</span> <span class='ocrx_word' id='word_1_89' title='bbox 1110 1690 1175 1748; x_wconf 90' lang='lat' dir='ltr'>loco</span> 
     </span>
     <span class='ocr_line' id='line_1_12' title="bbox 71 1797 1178 1876; baseline 0.004 -24"><span class='ocrx_word' id='word_1_90' title='bbox 71 1799 114 1854; x_wconf 89' lang='lat' dir='ltr'>aut</span> <span class='ocrx_word' id='word_1_91' title='bbox 133 1797 229 1873; x_wconf 88' lang='lat' dir='ltr'>paullo</span> <span class='ocrx_word' id='word_1_92' title='bbox 251 1803 323 1876; x_wconf 86' lang='lat' dir='ltr'>poet</span> <span class='ocrx_word' id='word_1_93' title='bbox 343 1803 515 1876; x_wconf 81' lang='lat' dir='ltr'>poneretur,</span> <span class='ocrx_word' id='word_1_94' title='bbox 539 1797 627 1856; x_wconf 86' lang='lat' dir='ltr'>video</span> <span class='ocrx_word' id='word_1_95' title='bbox 649 1817 739 1856; x_wconf 90' lang='lat' dir='ltr'>unum</span> <span class='ocrx_word' id='word_1_96' title='bbox 758 1802 810 1856; x_wconf 90' lang='lat' dir='ltr'>aut</span> <span class='ocrx_word' id='word_1_97' title='bbox 825 1798 926 1876; x_wconf 87' lang='lat' dir='ltr'>plures</span> <span class='ocrx_word' id='word_1_98' title='bbox 943 1817 1046 1856; x_wconf 88' lang='lat' dir='ltr'>versus</span> <span class='ocrx_word' id='word_1_99' title='bbox 1063 1799 1178 1857; x_wconf 86' lang='lat' dir='ltr'>incuria</span> 
     </span>
     <span class='ocr_line' id='line_1_13' title="bbox 72 1905 1173 1984; baseline 0.002 -24"><span class='ocrx_word' id='word_1_100' title='bbox 72 1907 181 1962; x_wconf 86' lang='lat' dir='ltr'>omissos</span> <span class='ocrx_word' id='word_1_101' title='bbox 202 1905 343 1966; x_wconf 79' lang='lat' dir='ltr'>inferiore</span> <span class='ocrx_word' id='word_1_102' title='bbox 365 1907 430 1965; x_wconf 92' lang='lat' dir='ltr'>loco</span> <span class='ocrx_word' id='word_1_103' title='bbox 453 1907 619 1984; x_wconf 85' lang='lat' dir='ltr'>adscriptos</span> <span class='ocrx_word' id='word_1_104' title='bbox 637 1926 709 1979; x_wconf 87' lang='lat' dir='ltr'>esse,</span> <span class='ocrx_word' id='word_1_105' title='bbox 733 1925 787 1965; x_wconf 92' lang='lat' dir='ltr'>nec</span> <span class='ocrx_word' id='word_1_106' title='bbox 804 1925 921 1984; x_wconf 87' lang='lat' dir='ltr'>semper</span> <span class='ocrx_word' id='word_1_107' title='bbox 938 1912 1024 1964; x_wconf 89' lang='lat' dir='ltr'>notas</span> <span class='ocrx_word' id='word_1_108' title='bbox 1043 1925 1173 1964; x_wconf 88' lang='lat' dir='ltr'>errorem</span> 
     </span>
    </p>
   </div>
   <div class='ocr_carea' id='block_1_3' title="bbox 22 2009 1177 2108">
    <p class='ocr_par' dir='ltr' id='par_1_4' title="bbox 22 2009 1177 2108">
     <span class='ocr_line' id='line_1_14' title="bbox 22 2009 1177 2108; baseline 0.003 -42"><span class='ocrx_word' id='word_1_109' title='bbox 22 2087 28 2108; x_wconf 42' lang='lat'>⁸</span> <span class='ocrx_word' id='word_1_110' title='bbox 70 2009 219 2072; x_wconf 86' lang='lat' dir='ltr'>indicantes</span> <span class='ocrx_word' id='word_1_111' title='bbox 254 2034 413 2092; x_wconf 88' lang='lat' dir='ltr'>apparere;</span> <span class='ocrx_word' id='word_1_112' title='bbox 448 2015 500 2073; x_wconf 86' lang='lat' dir='ltr'>sed</span> <span class='ocrx_word' id='word_1_113' title='bbox 533 2034 587 2074; x_wconf 87' lang='lat' dir='ltr'>nec</span> <span class='ocrx_word' id='word_1_114' title='bbox 620 2013 757 2072; x_wconf 90' lang='lat' dir='ltr'>omnibus</span> <span class='ocrx_word' id='word_1_115' title='bbox 790 2015 861 2072; x_wconf 86' lang='lat' dir='ltr'>locis</span> <span class='ocrx_word' id='word_1_116' title='bbox 897 2013 998 2072; x_wconf 85' lang='lat' dir='ltr'>eadem</span> <span class='ocrx_word' id='word_1_117' title='bbox 1033 2013 1177 2072; x_wconf 81' lang='lat' dir='ltr'>facilitate</span> 
     </span>
    </p>
   </div>
   <div class='ocr_carea' id='block_1_4' title="bbox 70 2120 1184 4470">
    <p class='ocr_par' dir='ltr' id='par_1_5' title="bbox 70 2120 1184 4470">
     <span class='ocr_line' id='line_1_15' title="bbox 72 2120 1177 2200; baseline 0.004 -27"><span class='ocrx_word' id='word_1_118' title='bbox 72 2125 183 2193; x_wconf 87' lang='lat' dir='ltr'>erratur,</span> <span class='ocrx_word' id='word_1_119' title='bbox 206 2122 290 2182; x_wconf 84' lang='lat' dir='ltr'>velut</span> <span class='ocrx_word' id='word_1_120' title='bbox 311 2123 456 2200; x_wconf 89' lang='lat' dir='ltr'>principia</span> <span class='ocrx_word' id='word_1_121' title='bbox 479 2141 616 2181; x_wconf 87' lang='lat' dir='ltr'>versuum</span> <span class='ocrx_word' id='word_1_122' title='bbox 639 2127 691 2180; x_wconf 91' lang='lat' dir='ltr'>aut</span> <span class='ocrx_word' id='word_1_123' title='bbox 712 2123 889 2196; x_wconf 76' lang='lat' dir='ltr'>paginarum</span> <span class='ocrx_word' id='word_1_124' title='bbox 907 2123 1003 2180; x_wconf 88' lang='lat' dir='ltr'>minus</span> <span class='ocrx_word' id='word_1_125' title='bbox 1020 2120 1177 2198; x_wconf 90' lang='lat' dir='ltr'>probabile</span> 
     </span>
     <span class='ocr_line' id='line_1_16' title="bbox 70 2229 1178 2308; baseline 0.003 -25"><span class='ocrx_word' id='word_1_126' title='bbox 70 2232 108 2284; x_wconf 89' lang='lat' dir='ltr'>eet</span> <span class='ocrx_word' id='word_1_127' title='bbox 127 2229 232 2287; x_wconf 84' lang='lat' dir='ltr'>omissa</span> <span class='ocrx_word' id='word_1_128' title='bbox 254 2250 317 2288; x_wconf 88' lang='lat' dir='ltr'>esse</span> <span class='ocrx_word' id='word_1_129' title='bbox 341 2251 428 2307; x_wconf 88' lang='lat' dir='ltr'>qnam</span> <span class='ocrx_word' id='word_1_130' title='bbox 451 2231 617 2307; x_wconf 89' lang='lat' dir='ltr'>sequentia,</span> <span class='ocrx_word' id='word_1_131' title='bbox 641 2229 781 2287; x_wconf 83' lang='lat' dir='ltr'>facillime</span> <span class='ocrx_word' id='word_1_132' title='bbox 804 2235 900 2288; x_wconf 89' lang='lat' dir='ltr'>autem</span> <span class='ocrx_word' id='word_1_133' title='bbox 924 2231 955 2288; x_wconf 91' lang='lat' dir='ltr'>in</span> <span class='ocrx_word' id='word_1_134' title='bbox 974 2231 1011 2287; x_wconf 87' lang='lat' dir='ltr'>iis</span> <span class='ocrx_word' id='word_1_135' title='bbox 1028 2234 1178 2308; x_wconf 88' lang='lat' dir='ltr'>peccatur,</span> 
     </span>
     <span class='ocr_line' id='line_1_17' title="bbox 71 2333 1182 2424; baseline 0.004 -32"><span class='ocrx_word' id='word_1_136' title='bbox 71 2353 125 2424; x_wconf 80' lang='lat' dir='ltr'>qua</span> <span class='ocrx_word' id='word_1_137' title='bbox 147 2336 183 2396; x_wconf 88' lang='lat' dir='ltr'>ab</span> <span class='ocrx_word' id='word_1_138' title='bbox 206 2333 309 2397; x_wconf 75' lang='lat' dir='ltr'>eodem</span> <span class='ocrx_word' id='word_1_139' title='bbox 332 2338 475 2398; x_wconf 86' lang='lat' dir='ltr'>vocabulo</span> <span class='ocrx_word' id='word_1_140' title='bbox 500 2344 551 2396; x_wconf 90' lang='lat' dir='ltr'>aut</span> <span class='ocrx_word' id='word_1_141' title='bbox 574 2337 679 2397; x_wconf 86' lang='lat' dir='ltr'>iisdem</span> <span class='ocrx_word' id='word_1_142' title='bbox 701 2339 810 2396; x_wconf 86' lang='lat' dir='ltr'>litteris</span> <span class='ocrx_word' id='word_1_143' title='bbox 834 2339 996 2414; x_wconf 84' lang='lat' dir='ltr'>incipiunt3</span> <span class='ocrx_word' id='word_1_144' title='bbox 1018 2358 1072 2396; x_wconf 88' lang='lat' dir='ltr'>neo</span> <span class='ocrx_word' id='word_1_145' title='bbox 1094 2341 1182 2396; x_wconf 85' lang='lat' dir='ltr'>tant-a</span> 
     </span>
     <span class='ocr_line' id='line_1_18' title="bbox 70 2444 1179 2523; baseline 0.003 -23"><span class='ocrx_word' id='word_1_146' title='bbox 70 2444 240 2522; x_wconf 74' lang='lat' dir='ltr'>negligentia</span> <span class='ocrx_word' id='word_1_147' title='bbox 256 2447 303 2505; x_wconf 81' lang='lat' dir='ltr'>vel</span> <span class='ocrx_word' id='word_1_148' title='bbox 320 2447 421 2523; x_wconf 84' lang='lat' dir='ltr'>potius</span> <span class='ocrx_word' id='word_1_149' title='bbox 440 2447 556 2506; x_wconf 89' lang='lat' dir='ltr'>insania</span> <span class='ocrx_word' id='word_1_150' title='bbox 574 2447 605 2506; x_wconf 89' lang='lat' dir='ltr'>in</span> <span class='ocrx_word' id='word_1_151' title='bbox 623 2444 819 2504; x_wconf 86' lang='lat' dir='ltr'>describendo</span> <span class='ocrx_word' id='word_1_152' title='bbox 837 2447 947 2504; x_wconf 78' lang='lat' dir='ltr'>versati</span> <span class='ocrx_word' id='word_1_153' title='bbox 967 2450 1036 2506; x_wconf 86' lang='lat' dir='ltr'>sunt</span> <span class='ocrx_word' id='word_1_154' title='bbox 1052 2445 1179 2518; x_wconf 89' lang='lat' dir='ltr'>librarii,</span> 
     </span>
     <span class='ocr_line' id='line_1_19' title="bbox 73 2551 1180 2632; baseline 0.003 -24"><span class='ocrx_word' id='word_1_155' title='bbox 73 2557 100 2608; x_wconf 93' lang='lat' dir='ltr'>ut</span> <span class='ocrx_word' id='word_1_156' title='bbox 119 2553 208 2612; x_wconf 87' lang='lat' dir='ltr'>verba</span> <span class='ocrx_word' id='word_1_157' title='bbox 230 2559 260 2612; x_wconf 90' lang='lat' dir='ltr'>et</span> <span class='ocrx_word' id='word_1_158' title='bbox 277 2573 382 2613; x_wconf 86' lang='lat' dir='ltr'>versus</span> <span class='ocrx_word' id='word_1_159' title='bbox 400 2557 484 2632; x_wconf 86' lang='lat' dir='ltr'>quasi</span> <span class='ocrx_word' id='word_1_160' title='bbox 501 2559 597 2614; x_wconf 83' lang='lat' dir='ltr'>sortes</span> <span class='ocrx_word' id='word_1_161' title='bbox 615 2551 763 2613; x_wconf 82' lang='lat' dir='ltr'>in&#39;sitella</span> <span class='ocrx_word' id='word_1_162' title='bbox 779 2559 866 2613; x_wconf 87' lang='lat' dir='ltr'>motas</span> <span class='ocrx_word' id='word_1_163' title='bbox 889 2555 1011 2612; x_wconf 84' lang='lat' dir='ltr'>exirent.</span> <span class='ocrx_word' id='word_1_164' title='bbox 1056 2553 1102 2611; x_wconf 86' lang='lat' dir='ltr'>An</span> <span class='ocrx_word' id='word_1_165' title='bbox 1121 2573 1180 2611; x_wconf 92' lang='lat' dir='ltr'>non</span> 
     </span>
     <span class='ocr_line' id='line_1_20' title="bbox 73 2660 1181 2740; baseline 0.001 -24"><span class='ocrx_word' id='word_1_166' title='bbox 73 2660 150 2718; x_wconf 87' lang='lat' dir='ltr'>talem</span> <span class='ocrx_word' id='word_1_167' title='bbox 172 2663 300 2740; x_wconf 86' lang='lat' dir='ltr'>speciem</span> <span class='ocrx_word' id='word_1_168' title='bbox 322 2661 471 2739; x_wconf 77' lang='lat' dir='ltr'>praebent,</span> <span class='ocrx_word' id='word_1_169' title='bbox 494 2667 528 2722; x_wconf 90' lang='lat' dir='ltr'>ut</span> <span class='ocrx_word' id='word_1_170' title='bbox 549 2682 643 2739; x_wconf 92' lang='lat' dir='ltr'>pauca</span> <span class='ocrx_word' id='word_1_171' title='bbox 666 2663 801 2720; x_wconf 85' lang='lat' dir='ltr'>emultis</span> <span class='ocrx_word' id='word_1_172' title='bbox 826 2661 961 2740; x_wconf 85' lang='lat' dir='ltr'>exempla</span> <span class='ocrx_word' id='word_1_173' title='bbox 985 2660 1119 2734; x_wconf 83' lang='lat' dir='ltr'>afferam,</span> <span class='ocrx_word' id='word_1_174' title='bbox 1150 2664 1181 2718; x_wconf 88' lang='lat' dir='ltr'>in</span> 
     </span>
     <span class='ocr_line' id='line_1_21' title="bbox 73 2766 1181 2844; baseline 0.004 -20"><span class='ocrx_word' id='word_1_175' title='bbox 73 2766 215 2828; x_wconf 87' lang='lat' dir='ltr'>Ritschelii</span> <span class='ocrx_word' id='word_1_176' title='bbox 233 2769 364 2843; x_wconf 85' lang='lat' dir='ltr'>editione</span> <span class='ocrx_word' id='word_1_177' title='bbox 375 2771 481 2830; x_wconf 88' lang='lat' dir='ltr'>Bacch.</span> <span class='ocrx_word' id='word_1_178' title='bbox 495 2772 651 2844; x_wconf 86' lang='grc'><strong>986-93,</strong></span> <span class='ocrx_word' id='word_1_179' title='bbox 669 2770 757 2828; x_wconf 89' lang='lat' dir='ltr'>Most.</span> <span class='ocrx_word' id='word_1_180' title='bbox 771 2771 927 2842; x_wconf 81' lang='grc'><strong>458-66,</strong></span> <span class='ocrx_word' id='word_1_181' title='bbox 946 2769 1010 2828; x_wconf 87' lang='lat' dir='ltr'>Mil.</span> <span class='ocrx_word' id='word_1_182' title='bbox 1025 2769 1181 2840; x_wconf 80' lang='lat'>637-60,</span> 
     </span>
     <span class='ocr_line' id='line_1_22' title="bbox 72 2873 1182 2956; baseline 0.003 -25"><span class='ocrx_word' id='word_1_183' title='bbox 72 2873 235 2938; x_wconf 88' lang='lat' dir='ltr'>llercatoris</span> <span class='ocrx_word' id='word_1_184' title='bbox 257 2879 414 2956; x_wconf 81' lang='lat' dir='ltr'>prologus,</span> <span class='ocrx_word' id='word_1_185' title='bbox 443 2878 550 2938; x_wconf 88' lang='lat' dir='ltr'>Pseud.</span> <span class='ocrx_word' id='word_1_186' title='bbox 572 2877 734 2950; x_wconf 82' lang='lat'>604-39,</span> <span class='ocrx_word' id='word_1_187' title='bbox 765 2881 795 2936; x_wconf 94' lang='lat' dir='ltr'>in</span> <span class='ocrx_word' id='word_1_188' title='bbox 819 2877 1013 2936; x_wconf 87' lang='lat' dir='ltr'>Fleckeisanii</span> <span class='ocrx_word' id='word_1_189' title='bbox 1037 2877 1182 2936; x_wconf 77' lang='lat' dir='ltr'>Asinaria</span> 
     </span>
     <span class='ocr_line' id='line_1_23' title="bbox 74 2981 1181 3063; baseline 0.002 -23"><span class='ocrx_word' id='word_1_190' title='bbox 74 2981 229 3044; x_wconf 77' lang='lat' dir='ltr'>sal-94?</span> <span class='ocrx_word' id='word_1_191' title='bbox 253 2985 432 3044; x_wconf 79' lang='lat' dir='ltr'>Bitschelius</span> <span class='ocrx_word' id='word_1_192' title='bbox 451 2986 571 3063; x_wconf 84' lang='lat' dir='ltr'>quidem</span> <span class='ocrx_word' id='word_1_193' title='bbox 590 3007 687 3044; x_wconf 88' lang='lat' dir='ltr'>meam</span> <span class='ocrx_word' id='word_1_194' title='bbox 700 2986 841 3044; x_wconf 85' lang='lat' dir='ltr'>inhaere</span> <span class='ocrx_word' id='word_1_195' title='bbox 853 2986 1025 3062; x_wconf 80' lang='lat' dir='ltr'>religionem</span> <span class='ocrx_word' id='word_1_196' title='bbox 1037 2985 1181 3062; x_wconf 84' lang='lat' dir='ltr'>puerilem</span> 
     </span>
     <span class='ocr_line' id='line_1_24' title="bbox 73 3089 1183 3172; baseline 0.005 -27"><span class='ocrx_word' id='word_1_197' title='bbox 73 3089 142 3164; x_wconf 87' lang='lat' dir='ltr'>dicit,</span> <span class='ocrx_word' id='word_1_198' title='bbox 165 3093 271 3153; x_wconf 87' lang='lat' dir='ltr'>Rhein.</span> <span class='ocrx_word' id='word_1_199' title='bbox 294 3093 371 3152; x_wconf 85' lang='lat' dir='ltr'>Mus.</span> <span class='ocrx_word' id='word_1_200' title='bbox 394 3093 509 3168; x_wconf 88' lang='lat' dir='ltr'>XXXI,</span> <span class='ocrx_word' id='word_1_201' title='bbox 533 3115 562 3172; x_wconf 91' lang='lat' dir='ltr'>p.</span> <span class='ocrx_word' id='word_1_202' title='bbox 589 3097 665 3166; x_wconf 85' lang='lat'>553;</span> <span class='ocrx_word' id='word_1_203' title='bbox 696 3115 750 3172; x_wconf 81' lang='lat' dir='ltr'>ego</span> <span class='ocrx_word' id='word_1_204' title='bbox 774 3093 846 3153; x_wconf 92' lang='lat' dir='ltr'>mihi</span> <span class='ocrx_word' id='word_1_205' title='bbox 878 3113 937 3152; x_wconf 91' lang='lat' dir='ltr'>non</span> <span class='ocrx_word' id='word_1_206' title='bbox 964 3113 1080 3170; x_wconf 84' lang='lat' dir='ltr'>semper</span> <span class='ocrx_word' id='word_1_207' title='bbox 1110 3096 1183 3150; x_wconf 84' lang='lat' dir='ltr'>satis</span> 
     </span>
     <span class='ocr_line' id='line_1_25' title="bbox 73 3199 1182 3276; baseline 0.003 -22"><span class='ocrx_word' id='word_1_208' title='bbox 73 3199 217 3275; x_wconf 83' lang='lat' dir='ltr'>religiosus</span> <span class='ocrx_word' id='word_1_209' title='bbox 233 3203 325 3261; x_wconf 83' lang='lat' dir='ltr'>fnisse</span> <span class='ocrx_word' id='word_1_210' title='bbox 343 3201 456 3275; x_wconf 85' lang='lat' dir='ltr'>videor,</span> <span class='ocrx_word' id='word_1_211' title='bbox 481 3223 535 3261; x_wconf 89' lang='lat' dir='ltr'>noc</span> <span class='ocrx_word' id='word_1_212' title='bbox 551 3203 661 3262; x_wconf 90' lang='lat' dir='ltr'>iniuria</span> <span class='ocrx_word' id='word_1_213' title='bbox 684 3201 806 3260; x_wconf 81' lang='lat' dir='ltr'>thzius</span> <span class='ocrx_word' id='word_1_214' title='bbox 829 3203 860 3259; x_wconf 89' lang='lat' dir='ltr'>in</span> <span class='ocrx_word' id='word_1_215' title='bbox 882 3201 989 3260; x_wconf 84' lang='lat' dir='ltr'>Annei.</span> <span class='ocrx_word' id='word_1_216' title='bbox 1007 3201 1079 3276; x_wconf 88' lang='lat' dir='ltr'>phil.</span> <span class='ocrx_word' id='word_1_217' title='bbox 1101 3201 1182 3258; x_wconf 85' lang='grc'><strong>1876</strong></span> 
     </span>
     <span class='ocr_line' id='line_1_26' title="bbox 73 3309 1181 3389; baseline -0.002 -22"><span class='ocrx_word' id='word_1_218' title='bbox 73 3326 96 3382; x_wconf 92' lang='lat' dir='ltr'>p.</span> <span class='ocrx_word' id='word_1_219' title='bbox 118 3309 174 3368; x_wconf 79' lang='lat'>362</span> <span class='ocrx_word' id='word_1_220' title='bbox 198 3309 343 3368; x_wconf 72' lang='lat' dir='ltr'>Asinaria</span> <span class='ocrx_word' id='word_1_221' title='bbox 369 3309 480 3383; x_wconf 89' lang='lat' dir='ltr'>locum,</span> <span class='ocrx_word' id='word_1_222' title='bbox 505 3331 591 3387; x_wconf 85' lang='lat' dir='ltr'>quern</span> <span class='ocrx_word' id='word_1_223' title='bbox 615 3330 710 3389; x_wconf 91' lang='lat' dir='ltr'>nuper</span> <span class='ocrx_word' id='word_1_224' title='bbox 732 3309 972 3381; x_wconf 85' lang='lat' dir='ltr'>commemoravi,</span> <span class='ocrx_word' id='word_1_225' title='bbox 998 3309 1072 3366; x_wconf 88' lang='lat' dir='ltr'>male</span> <span class='ocrx_word' id='word_1_226' title='bbox 1096 3329 1113 3365; x_wconf 91' lang='lat' dir='ltr'>a</span> <span class='ocrx_word' id='word_1_227' title='bbox 1135 3328 1181 3365; x_wconf 89' lang='lat' dir='ltr'>me</span> 
     </span>
     <span class='ocr_line' id='line_1_27' title="bbox 73 3414 1183 3496; baseline 0.004 -26"><span class='ocrx_word' id='word_1_228' title='bbox 73 3414 228 3475; x_wconf 89' lang='lat' dir='ltr'>ordinatum</span> <span class='ocrx_word' id='word_1_229' title='bbox 252 3437 317 3476; x_wconf 87' lang='lat' dir='ltr'>esse</span> <span class='ocrx_word' id='word_1_230' title='bbox 341 3417 429 3491; x_wconf 90' lang='lat' dir='ltr'>dicit,</span> <span class='ocrx_word' id='word_1_231' title='bbox 454 3439 633 3496; x_wconf 90' lang='lat' dir='ltr'>quamquam</span> <span class='ocrx_word' id='word_1_232' title='bbox 658 3418 736 3494; x_wconf 87' lang='lat' dir='ltr'>quod</span> <span class='ocrx_word' id='word_1_233' title='bbox 759 3438 805 3476; x_wconf 90' lang='lat' dir='ltr'>me</span> <span class='ocrx_word' id='word_1_234' title='bbox 828 3437 931 3475; x_wconf 82' lang='lat' dir='ltr'>versus</span> <span class='ocrx_word' id='word_1_235' title='bbox 953 3417 1080 3496; x_wconf 85' lang='lat' dir='ltr'>pessime</span> <span class='ocrx_word' id='word_1_236' title='bbox 1104 3418 1183 3475; x_wconf 90' lang='lat' dir='ltr'>inter</span> 
     </span>
     <span class='ocr_line' id='line_1_28' title="bbox 73 3525 1180 3605; baseline 0.003 -27"><span class='ocrx_word' id='word_1_237' title='bbox 73 3541 98 3578; x_wconf 86' lang='lat' dir='ltr'>se</span> <span class='ocrx_word' id='word_1_238' title='bbox 121 3526 247 3584; x_wconf 84' lang='lat' dir='ltr'>iactasse</span> <span class='ocrx_word' id='word_1_239' title='bbox 277 3528 389 3600; x_wconf 82' lang='lat' dir='ltr'>arguit,</span> <span class='ocrx_word' id='word_1_240' title='bbox 424 3547 482 3586; x_wconf 92' lang='lat' dir='ltr'>non</span> <span class='ocrx_word' id='word_1_241' title='bbox 518 3527 604 3605; x_wconf 90' lang='lat' dir='ltr'>plura</span> <span class='ocrx_word' id='word_1_242' title='bbox 633 3527 805 3605; x_wconf 88' lang='lat' dir='ltr'>transposui</span> <span class='ocrx_word' id='word_1_243' title='bbox 834 3547 919 3604; x_wconf 91' lang='lat' dir='ltr'>quam</span> <span class='ocrx_word' id='word_1_244' title='bbox 950 3525 1180 3596; x_wconf 83' lang='lat' dir='ltr'>Fleckeisonius,</span> 
     </span>
     <span class='ocr_line' id='line_1_29' title="bbox 73 3633 1184 3712; baseline 0.005 -26"><span class='ocrx_word' id='word_1_245' title='bbox 73 3633 143 3690; x_wconf 86' lang='lat' dir='ltr'>caius</span> <span class='ocrx_word' id='word_1_246' title='bbox 164 3635 342 3693; x_wconf 84' lang='lat' dir='ltr'>seutentiam</span> <span class='ocrx_word' id='word_1_247' title='bbox 365 3635 483 3712; x_wconf 86' lang='lat' dir='ltr'>probat,</span> <span class='ocrx_word' id='word_1_248' title='bbox 508 3636 705 3694; x_wconf 89' lang='lat' dir='ltr'>strationem</span> <span class='ocrx_word' id='word_1_249' title='bbox 726 3633 853 3693; x_wconf 87' lang='lat' dir='ltr'>reddere</span> <span class='ocrx_word' id='word_1_250' title='bbox 877 3639 1001 3694; x_wconf 88' lang='lat' dir='ltr'>conatus</span> <span class='ocrx_word' id='word_1_251' title='bbox 1024 3654 1097 3707; x_wconf 88' lang='lat' dir='ltr'>sum,</span> <span class='ocrx_word' id='word_1_252' title='bbox 1122 3653 1184 3710; x_wconf 89' lang='lat' dir='ltr'>quo</span> 
     </span>
     <span class='ocr_line' id='line_1_30' title="bbox 72 3740 1183 3821; baseline 0.005 -26"><span class='ocrx_word' id='word_1_253' title='bbox 72 3740 148 3799; x_wconf 85' lang='lat' dir='ltr'>morlo</span> <span class='ocrx_word' id='word_1_254' title='bbox 169 3743 246 3801; x_wconf 89' lang='lat' dir='ltr'>tales</span> <span class='ocrx_word' id='word_1_255' title='bbox 269 3741 364 3800; x_wconf 76' lang='lat' dir='ltr'>turbas</span> <span class='ocrx_word' id='word_1_256' title='bbox 388 3744 460 3802; x_wconf 90' lang='lat' dir='ltr'>oriri</span> <span class='ocrx_word' id='word_1_257' title='bbox 480 3743 659 3821; x_wconf 87' lang='lat' dir='ltr'>potuissent.</span> <span class='ocrx_word' id='word_1_258' title='bbox 705 3741 765 3801; x_wconf 79' lang='lat' dir='ltr'>Sed</span> <span class='ocrx_word' id='word_1_259' title='bbox 786 3741 883 3801; x_wconf 86' lang='lat' dir='ltr'>fateor</span> <span class='ocrx_word' id='word_1_260' title='bbox 906 3761 962 3816; x_wconf 91' lang='lat' dir='ltr'>me,</span> <span class='ocrx_word' id='word_1_261' title='bbox 986 3761 1076 3819; x_wconf 90' lang='lat' dir='ltr'>quum</span> <span class='ocrx_word' id='word_1_262' title='bbox 1099 3741 1183 3800; x_wconf 82' lang='lat' dir='ltr'>labu-</span> 
     </span>
     <span class='ocr_line' id='line_1_31' title="bbox 73 3845 1182 3925; baseline 0.003 -20"><span class='ocrx_word' id='word_1_263' title='bbox 73 3845 123 3904; x_wconf 85' lang='lat' dir='ltr'>lam</span> <span class='ocrx_word' id='word_1_264' title='bbox 149 3850 282 3925; x_wconf 87' lang='lat' dir='ltr'>ederam,</span> <span class='ocrx_word' id='word_1_265' title='bbox 316 3871 414 3910; x_wconf 82' lang='lat' dir='ltr'>veram</span> <span class='ocrx_word' id='word_1_266' title='bbox 446 3851 622 3910; x_wconf 89' lang='lat' dir='ltr'>emendandi</span> <span class='ocrx_word' id='word_1_267' title='bbox 651 3851 728 3909; x_wconf 84' lang='lat' dir='ltr'>riam</span> <span class='ocrx_word' id='word_1_268' title='bbox 758 3851 888 3909; x_wconf 91' lang='lat' dir='ltr'>nondum</span> <span class='ocrx_word' id='word_1_269' title='bbox 917 3853 1079 3923; x_wconf 74' lang='lat' dir='ltr'>invenisse,</span> <span class='ocrx_word' id='word_1_270' title='bbox 1115 3871 1182 3908; x_wconf 88' lang='lat' dir='ltr'>nam</span> 
     </span>
     <span class='ocr_line' id='line_1_32' title="bbox 74 3953 1182 4018; baseline 0.005 -8"><span class='ocrx_word' id='word_1_271' title='bbox 74 3953 187 4016; x_wconf 90' lang='lat' dir='ltr'>duorum</span> <span class='ocrx_word' id='word_1_272' title='bbox 219 3962 340 4018; x_wconf 87' lang='lat' dir='ltr'>omnino</span> <span class='ocrx_word' id='word_1_273' title='bbox 374 3979 510 4018; x_wconf 87' lang='lat' dir='ltr'>versuum</span> <span class='ocrx_word' id='word_1_274' title='bbox 543 3961 720 4018; x_wconf 88' lang='lat' dir='ltr'>traiectione</span> <span class='ocrx_word' id='word_1_275' title='bbox 753 3959 835 4017; x_wconf 85' lang='lat' dir='ltr'>locus</span> <span class='ocrx_word' id='word_1_276' title='bbox 868 3963 990 4018; x_wconf 89' lang='lat' dir='ltr'>sanatur</span> <span class='ocrx_word' id='word_1_277' title='bbox 1018 3979 1071 4017; x_wconf 87' lang='lat' dir='ltr'>nec</span> <span class='ocrx_word' id='word_1_278' title='bbox 1100 3957 1182 4017; x_wconf 92' lang='lat' dir='ltr'>aliud</span> 
     </span>
     <span class='ocr_line' id='line_1_33' title="bbox 74 4067 1182 4144; baseline 0.003 -24"><span class='ocrx_word' id='word_1_279' title='bbox 74 4071 190 4125; x_wconf 83' lang='lat' dir='ltr'>erratum</span> <span class='ocrx_word' id='word_1_280' title='bbox 215 4072 261 4126; x_wconf 87' lang='lat' dir='ltr'>est</span> <span class='ocrx_word' id='word_1_281' title='bbox 284 4087 373 4144; x_wconf 89' lang='lat' dir='ltr'>quam</span> <span class='ocrx_word' id='word_1_282' title='bbox 396 4072 431 4126; x_wconf 89' lang='lat' dir='ltr'>ut</span> <span class='ocrx_word' id='word_1_283' title='bbox 453 4068 540 4126; x_wconf 89' lang='lat' dir='ltr'>huius</span> <span class='ocrx_word' id='word_1_284' title='bbox 563 4087 656 4126; x_wconf 88' lang='lat' dir='ltr'>scenae</span> <span class='ocrx_word' id='word_1_285' title='bbox 680 4087 737 4126; x_wconf 86' lang='lat' dir='ltr'>ves.</span> <span class='ocrx_word' id='word_1_286' title='bbox 762 4068 886 4126; x_wconf 62' lang='lat' dir='ltr'>alr—49</span> <span class='ocrx_word' id='word_1_287' title='bbox 911 4087 964 4126; x_wconf 88' lang='lat' dir='ltr'>auo</span> <span class='ocrx_word' id='word_1_288' title='bbox 994 4067 1059 4126; x_wconf 89' lang='lat' dir='ltr'>loco</span> <span class='ocrx_word' id='word_1_289' title='bbox 1082 4067 1182 4124; x_wconf 85' lang='lat' dir='ltr'>omissi</span> 
     </span>
     <span class='ocr_line' id='line_1_34' title="bbox 73 4173 1182 4254; baseline 0.005 -26"><span class='ocrx_word' id='word_1_290' title='bbox 73 4177 132 4244; x_wconf 84' lang='lat' dir='ltr'>post</span> <span class='ocrx_word' id='word_1_291' title='bbox 147 4173 219 4235; x_wconf 89' lang='lat' dir='ltr'>daos</span> <span class='ocrx_word' id='word_1_292' title='bbox 236 4177 388 4254; x_wconf 84' lang='lat' dir='ltr'>proximos</span> <span class='ocrx_word' id='word_1_293' title='bbox 406 4195 509 4235; x_wconf 85' lang='lat' dir='ltr'>versus</span> <span class='ocrx_word' id='word_1_294' title='bbox 526 4175 736 4234; x_wconf 85' lang='lat' dir='ltr'>scriberentur.</span> <span class='ocrx_word' id='word_1_295' title='bbox 771 4175 867 4235; x_wconf 84' lang='lat' dir='ltr'>Locus</span> <span class='ocrx_word' id='word_1_296' title='bbox 890 4177 932 4235; x_wconf 85' lang='lat' dir='ltr'>sic</span> <span class='ocrx_word' id='word_1_297' title='bbox 955 4174 1086 4234; x_wconf 85' lang='lat' dir='ltr'>edendus</span> <span class='ocrx_word' id='word_1_298' title='bbox 1109 4177 1182 4233; x_wconf 88' lang='lat' dir='ltr'>erat.</span> 
     </span>
     <span class='ocr_line' id='line_1_35' title="bbox 496 4283 747 4342; baseline -0.004 0"><span class='ocrx_word' id='word_1_299' title='bbox 496 4283 747 4342; x_wconf 86' lang='lat' dir='ltr'>Demaenetus</span> 
     </span>
     <span class='ocr_line' id='line_1_36' title="bbox 73 4385 1047 4470; baseline 0.001 -23"><span class='ocrx_word' id='word_1_300' title='bbox 73 4385 176 4467; x_wconf 84' lang='lat' dir='ltr'>Edepol</span> <span class='ocrx_word' id='word_1_301' title='bbox 197 4394 327 4451; x_wconf 88' lang='lat' dir='ltr'>animam</span> <span class='ocrx_word' id='word_1_302' title='bbox 351 4393 518 4452; x_wconf 87' lang='lat' dir='ltr'>snauiorem</span> <span class='ocrx_word' id='word_1_303' title='bbox 542 4393 695 4469; x_wconf 89' lang='lat' dir='ltr'>aliquanto</span> <span class='ocrx_word' id='word_1_304' title='bbox 720 4412 807 4470; x_wconf 89' lang='lat' dir='ltr'>qnam</span> <span class='ocrx_word' id='word_1_305' title='bbox 829 4393 931 4450; x_wconf 88' lang='lat' dir='ltr'>uxoris</span> <span class='ocrx_word' id='word_1_306' title='bbox 955 4410 1047 4450; x_wconf 89' lang='lat' dir='ltr'>meae.</span> 
     </span>
    </p>
   </div>
   <div class='ocr_carea' id='block_1_5' title="bbox 0 0 1485 5012">
    <p class='ocr_par' dir='ltr' id='par_1_6' title="bbox 0 0 1485 5012">
     <span class='ocr_line' id='line_1_37' title="bbox 0 0 1485 5012; baseline 0 0"><span class='ocrx_word' id='word_1_307' title='bbox 0 0 1485 5012; x_wconf 95' lang='lat' dir='ltr'> </span> 
     </span>
    </p>
   </div>
  </div>
 </body>
</html>
