2956 5010
250 481 311 543 572
743 477 879 533 (mrcnlio.

249 679 301 734 aut
328 671 452 732 Plautus
485 677 590 732 contre
622 677 815 750 antiquorum
848 693 959 732 morem
994 655 1149 732 obscurius
1181 674 1291 732 locutus
1314 679 1355 732 est

249 775 349 850 (istas,
374 795 447 853 ques
470 781 501 832 tc
522 776 595 834 mihi
617 775 726 834 debere
749 773 831 850 sois.)
856 805 897 816 —
921 779 991 836 525.
1015 772 1060 835 eir
1080 777 1151 834 olim
1175 777 1354 837 emendatum.

337 880 407 937 526.
442 877 602 954 Postquam
632 887 663 936 et
690 877 829 938 Curculio
857 885 887 938 et
914 879 995 955 Lyco
1024 879 1176 952 abierunt,
1212 879 1356 958 Cappadox

248 1003 347 1041 secum
372 981 408 1039 de
439 983 499 1039 suis
529 980 618 1039 rebus
646 981 789 1056 loquitur.
817 967 861 1022 2-
896 985 966 1042 527.
999 977 1103 1041 decem
1131 987 1200 1040 cett.
1224 982 1301 1041 codd.
1322 1013 1355 1024 -

250 1087 320 1144 528.
354 1079 443 1144 illum
470 1079 614 1142 uendidit
644 1091 757 1162 transp.
789 1085 874 1144 Grut.
906 1115 947 1127 -
979 1087 1049 1144 Ι531.
1084 1084 1200 1145 certum
1228 1083 1271 1143 ert
1296 1085 1358 1144 olim

250 1187 449 1246 emendatum.
473 1215 516 1225 -
541 1205 607 1259 „me
630 1183 723 1244 bene“
748 1195 861 1266 transp.
885 1187 930 1246 Fl.

336 1291 405 1348 532.
440 1288 528 1347 Miles
556 1287 742 1364 Epidaurum
772 1293 854 1348 venit
882 1297 912 1350 et
935 1291 1137 1367 argentarium
1168 1289 1257 1360 adiit,
1290 1289 1358 1366 apud

250 1413 338 1470 quern
371 1393 528 1468 pecuniam
563 1391 755 1468 deposuerat,
791 1413 851 1468 qna
884 1395 981 1452 solute
1013 1393 1114 1469 puelle
1142 1391 1198 1451 sibi
1227 1391 1360 1451 tradenda

249 1499 343 1566 esset,
367 1495 554 1569 argentarius
578 1514 608 1551 se
631 1496 689 1550 iam
712 1497 811 1552 omnia
833 1489 959 1554 solvisse
983 1495 1069 1554 dixit.
1109 1493 1257 1554 Incedunt
1279 1495 1312 1552 de
1332 1515 1361 1552 ea

249 1615 281 1656 re
304 1597 491 1654 altercantes.
522 1625 562 1634 -
595 1598 664 1654 533.
704 1595 913 1670 „excidionem
941 1597 1024 1656 urbis
1051 1618 1069 1656 a
1097 1596 1237 1656 caedendo
1265 1597 1362 1656 dictum

248 1699 436 1758 manifestum
461 1696 536 1772 est“,
560 1701 603 1756 eit
624 1699 705 1758 Fest.
729 1699 785 1776 Ep.
808 1721 837 1778 p.
863 1704 918 1772 8ος
957 1700 1106 1772 ,excidi0,
1130 1695 1258 1757 excisio“
1284 1700 1362 1773 gloss.

248 1803 328 1879 apud
350 1801 464 1874 Loewe,
491 1799 645 1860 Prodrom.
669 1824 698 1880 p.
725 1805 795 1862 262.
820 1833 862 1843 -
886 1805 956 1863 534.
979 1817 1118 1879 propere
1133 1817 1303 1877 properae,
1331 1800 1362 1858 ci.

197 1944 199 1948 -
250 1907 309 1965 683
339 1911 369 1963 et
397 1905 468 1962 461.
513 1904 580 1962 Aul.
614 1905 682 1964 114.
713 1936 754 1946 -
790 1907 859 1966 535.
896 1902 1038 1982 deposim'
1072 1905 1145 1964 olirn
1179 1905 1299 1962 editum.
1328 1933 1365 1942 —

252 2005 367 2081 „ullam
391 2021 524 2082 ponere,
560 2005 723 2084 deponere,
758 2007 911 2067 amittere“
944 2009 1046 2068 Lamb.
1076 2037 1118 2048 —
1154 2009 1224 2065 536.
1266 2007 1365 2064 Versus

248 2131 361 2169 caesure
383 2119 474 2170 caret.
509 2109 595 2169 Both.
619 2118 752 2188 transp:
781 2112 939 2181 ,mediocri
961 2110 1028 2183 te“;
1052 2111 1098 2170 Fl.
1121 2111 1274 2168 licentius:
1301 2127 1367 2185 ,ego

247 2235 325 2271 nunc
354 2213 495 2271 mediocri
526 2219 622 2271 macto
649 2210 710 2272 te“.
743 2243 786 2254 -
820 2217 890 2273 538.
924 2213 1073 2292 ferocem,
1109 2213 1145 2272 ci.
1176 2212 1266 2271 Most.
1296 2215 1364 2271 dli:

252 2317 410 2382 ..Ferocem
436 2316 507 2374 iacis
532 2317 573 2386 te,
604 2319 727 2392 quiete
751 2337 818 2375 erus
842 2315 952 2376 amat“.
998 2316 1084 2386 Noli,
1109 2297 1230 2390 inquit,
1249 2315 1367 2392 superbe

249 2439 360 2477 mecum
386 2437 472 2494 agere
493 2425 547 2476 aut
570 2439 690 2477 censere
712 2439 759 2478 me
781 2419 838 2479 tibi
861 2420 1039 2496 supplicare.
1085 2417 1130 2476 De
1153 2420 1262 2475 omisso
1288 2414 1363 2488 „me“

248 2522 307 2581 vid.
332 2521 368 2578 ad
392 2520 499 2598 Amph.
524 2521 574 2579 22.
597 2551 640 2561 -
664 2523 735 2581 540.
766 2538 858 2598 quom
881 2517 1050 2594 credebam,
1074 2541 1114 2579 sc.
1138 2519 1196 2577 tibi
1218 2520 1299 2578 illam
1321 2540 1367 2596 ps-

248 2629 373 2683 cnniam.
396 2653 439 2662 -·
470 2625 539 2682 543.
569 2619 781 2698 eispondeum
805 2625 894 2698 lacit,
923 2646 951 2683 v.
975 2624 1054 2682 Prol.
1077 2644 1107 2700 p.
1132 2624 1203 2682 216.
1228 2652 1271 2662 -
1301 2623 1366 2682 544.

246 2728 356 2785 Versus
379 2729 459 2783 iusto
482 2727 599 2802 longior
617 2735 671 2784 est.
707 2726 870 2798 Consteret,
895 2731 919 2784 si
942 2729 974 2785 in
996 2721 1073 2784 mihi
1095 2727 1317 2796 terminaretur,
1341 2731 1367 2780 et

247 2829 390 2888 Schmidt.
415 2828 502 2886 Pron.
527 2827 689 2887 demonstr.
713 2851 742 2906 p.
770 2831 808 2887 60
833 2835 996 2887 extremam
1019 2848 1118 2886 vocem
1150 2827 1287 2899 delebat;
1321 2826 1367 2884 sed

247 2951 280 2988 ea
304 2952 405 2989 carere
429 2933 526 2989 oratio
548 2951 607 2989 non
630 2937 739 3008 potest.
791 2930 985 3003 Fleckeisen.‚
1021 2951 1110 3008 quum
1142 2935 1173 2989 in
1197 2931 1283 2987 codd.
1310 2937 1368 3001 „ta-

247 3033 350 3092 bulas“
374 3040 476 3092 extare
494 3034 568 3092 falso
587 3035 730 3092 traditum
748 3041 835 3107 esset,
860 3035 914 3091 hoc
936 3055 1000 3094 voc.
1020 3038 1051 3092 in
1068 3036 1237 3110 proximum
1255 3053 1368 3092 versum
1433 3041 1437 3050 ’

244 3137 408 3208 transtulit,
433 3136 533 3211 ibique
551 3137 657 3194 deletis
675 3136 773 3195 verbis
793 3143 844 3212 „tu
863 3133 954 3194 mihi“
975 3139 1110 3213 scripsit:
1138 3136 1237 3208 „Quas
1254 3142 1289 3193 tu
1300 3135 1369 3193 mihi

245 3239 382 3310 Tabulas,
408 3257 482 3314 quos
505 3239 602 3296 luscos
625 3235 779 3298 lihert0s“.
826 3237 884 3297 Sed
907 3239 997 3298 codd.
1019 3231 1151 3297 tabellae·
1173 3239 1295 3309 habent,
1319 3257 1368 3295 nec

245 3342 297 3400 illo
321 3345 438 3399 nomine
462 3347 540 3398 recte
564 3340 782 3416 significaretur
805 3342 949 3418 epistola,
980 3343 1041 3399 vid.
1067 3342 1105 3398 ad
1130 3343 1201 3399 347.
1248 3341 1368 3398 Versum

244 3423 546 3519 dpespor'Geppertus
569 3445 634 3501 iure
657 3444 804 3501 delevisse
827 3445 960 3516 videtur;
984 3465 1051 3502 nem
1074 3452 1105 3500 et
1128 3443 1296 3520 superfluus
1318 3449 1367 3513 est,

242 3549 411 3622 praesertim
434 3565 522 3620 quum
549 3567 575 3605 v.
602 3547 663 3605 550
687 3567 732 3623 eq.
756 3547 932 3605 tabellarum
956 3549 1067 3604 mentio
1091 3547 1214 3618 redeet3
1237 3566 1293 3603 nec
1315 3539 1370 3603 ltus

246 3643 368 3705 Plautus
392 3650 526 3724 scripsit;
560 3669 627 3706 nam
660 3652 686 3707 si
710 3649 789 3724 Lyco
812 3650 938 3707 tabellas
963 3669 1059 3707 secum
1084 3649 1240 3706 habuisset
1264 3667 1368 3724 casque

242 3750 330 3806 militi
350 3751 537 3824 ostendisset,
563 3771 738 3829 responsum
755 3753 844 3826 longe
862 3753 942 3811 alind
961 3753 1120 3829 exciperet.
1134 3781 1176 3790 -
1189 3752 1262 3809 545.
1290 3745 1369 3826 Ques

244 3853 276 3910 tu
297 3847 388 3925 milei,
424 3853 459 3912 ci.
484 3853 564 3912 Men.
591 3857 651 3912 317
676 3875 719 3930 sq.
747 3855 844 3928 „Quos
868 3856 1021 3926 mulieres,
1052 3854 1132 3925 Quos
1162 3859 1197 3911 tu
1224 3855 1368 3931 parasitos

241 3952 412 4029 loquerie?“
438 3985 480 3995 -
510 3957 580 4015 546.
617 3953 685 4016 Nee
707 3959 824 4015 ratione
848 3963 943 4029 caret,
974 3959 1031 4014 nisi
1060 3955 1173 4014 excidit
1201 3975 1307 4014 versus
1334 3954 1368 4012 ad

240 4057 300 4114 tale
323 4057 385 4114 fere
416 4060 596 4136 exemplum:
636 4060 716 4131 „Nec
738 4059 946 4133 Summanum,
976 4079 1063 4136 quem
1093 4064 1125 4116 tu
1156 4057 1249 4129 dicis,
1285 4057 1368 4115 lando

242 4159 345 4218 audiui
370 4167 437 4218 ante
460 4161 537 4219 hunc
560 4161 669 4220 diem“.
701 4191 743 4201 -
773 4165 842 4220 547.
879 4158 1024 4221 lenonum
1052 4163 1153 4235 codd,
1189 4165 1272 4242 quod
1301 4167 1366 4223 ferri

240 4281 298 4318 non
322 4267 430 4338 potest.
467 4263 567 4322 Lemb.
596 4263 761 4336 ,‚militum“
783 4265 959 4342 postulavit,
984 4265 1085 4324 Dousa
1108 4261 1281 4340 {arrestum
1304 4272 1366 4326 snut

244 4365 321 4420 enim
351 4364 485 4423 latrones
513 4367 623 4426 milites
659 4369 846 4440 mercenarii,
882 4389 909 4427 v.
934 4369 970 4425 ad
1000 4369 1104 4427 Bacch.
1135 4371 1186 4430 24.
1242 4371 1364 4429 Primam
