2916 5006
258 493 319 552 475
759 485 875 556 oapuui.

257 678 384 752 cultro“,
420 699 544 758 quorum
572 684 656 757 prius
684 684 714 738 in
742 683 842 758 priore
870 683 1003 742 editione
1025 684 1179 759 amplexus
1202 704 1274 742 sum.
1318 683 1371 742 Sed

256 790 319 842 tum
347 785 378 840 in
406 785 544 862 proximo
571 803 660 842 versu
688 784 811 842 offendit
840 785 965 844 subiecti
993 789 1139 858 mutatio,
1174 807 1227 844 nec
1253 787 1373 864 pluralis
1445 855 1446 864 χ

257 881 373 944 cultros
401 887 546 944 eliminari
575 886 679 959 debet,
713 907 781 946 nam
811 892 841 947 in
868 888 1020 946 tondendo
1053 909 1111 966 pro
1145 891 1288 948 novacula
1314 890 1372 968 ple·
1445 865 1446 946 i

257 1009 382 1066 rumque
409 990 570 1048 utebantur
597 989 703 1048 duobis
732 991 852 1064 cultris,
886 994 906 1050 i.
930 1012 955 1050 e.
979 990 1146 1067 forficibus3
1183 1014 1211 1052 v.
1242 993 1316 1052 Poll.
1339 992 1373 1064 X,

259 1095 334 1152 140:
369 1095 402 1150 τὰ
423 1096 538 1168 κουρέως
561 1096 642 1165 σκεύη
665 1139 670 1149 .
690 1119 719 1149 .·
742 1095 862 1169 κουρίδες
883 1097 1025 1171 μάχαιραι,
1048 1096 1222 1172 μαχαιρίδες,
1255 1117 1374 1172 quorum

255 1196 330 1253 illud
354 1217 390 1254 cx
412 1195 542 1268 Cratino,
566 1197 622 1255 hoc
644 1217 679 1254 ex
702 1197 852 1273 Eupolide
874 1196 971 1256 affert.
1011 1197 1099 1256 Phot.
1122 1217 1151 1274 p.
1177 1201 1247 1257 250.
1287 1198 1374 1256 Clam.
1445 1241 1446 1280 3

256 1299 343 1357 Alex.
367 1299 484 1374 Paedag.
508 1299 567 1372 HI,
595 1303 642 1372 ll,
672 1320 700 1376 p.
726 1301 802 1358 290:
837 1303 932 1376 κείρειν
955 1300 988 1358 οὐ
1010 1305 1095 1376 ξυρῷ,
1124 1301 1192 1356 ἀλλὰ
1221 1306 1277 1366 ταῖς
1305 1303 1376 1356 ducis
1445 1305 1446 1364 i

254 1405 402 1476 μαχαῖραις
430 1407 487 1467 ταῖς
515 1408 656 1478 κουρικαῖς.
723 1401 854 1460 Martial.
885 1401 938 1474 VI,
971 1405 1027 1475 95,
1060 1406 1096 1462 ll
1128 1424 1188 1480 sq.:
1227 1407 1375 1480 „rigetque
1445 1451 1446 1456 ,

256 1504 362 1578 barba,
393 1506 510 1580 qualem
533 1505 684 1563 forficibus
708 1507 792 1563 metit
814 1507 928 1580 supinis
959 1489 1091 1564 tonsor“.
1142 1506 1260 1565 Novum
1285 1509 1375 1580 igitur

256 1608 313 1664 iam
337 1607 406 1664 hinc
428 1607 591 1666 subiectum
614 1615 667 1666 est.
714 1607 794 1666 Brix.
822 1628 917 1682 „nuuc
941 1605 1027 1666 erus“
1060 1610 1196 1686 scripsit3
1230 1629 1282 1685 ego
1312 1608 1373 1682 „hic

255 1705 344 1768 iam“.
381 1709 486 1768 Hiatus
503 1711 533 1796 in
553 1731 664 1768 caesurs
682 1711 832 1785 legitimus
850 1717 959 1769 est.-
979 1713 1050 1770 266.
1072 1706 1230 1770 inuoluon'
1246 1711 1391 1778 Lindum..
1445 1693 1446 1736 i

256 1833 327 1885 cm.;
361 1813 489 1871 Turneb.
527 1812 748 1886 „involucrum“
785 1816 954 1892 scripserat.
1022 1815 1066 1872 Ns
1100 1821 1215 1874 tantum
1250 1813 1373 1891 quidem,
1445 1835 1446 1842 ¹

257 1917 371 1992 inquit,
407 1915 493 1973 lintei
521 1916 651 1974 humeris
674 1919 737 1974 cius
767 1918 876 1989 iniicit,
911 1916 992 1992 quod
1014 1917 1173 1993 prohibere
1195 1919 1306 1995 possit,
1340 1935 1373 1973 ne

256 2025 367 2078 vestem
391 2020 542 2094 inquinet,
565 2018 638 2076 adeo
662 2021 688 2076 ei
712 2041 772 2078 non
794 2022 900 2096 parcit.
950 2020 984 2078 ui
1005 2037 1052 2092 ne,
1077 2021 1157 2078 Brix.
1181 2021 1296 2078 confert
1313 2019 1373 2077 Mil.
1445 2067 1446 2092 ,

259 2125 333 2182 149:
377 2141 524 2197 „eumque
563 2125 606 2180 ita
639 2123 795 2194 faciemus,
834 2129 869 2179 ut
902 2123 984 2200 quod
1017 2123 1128 2182 uiderit
1160 2143 1198 2182 ne
1235 2119 1372 2180 uiderit‘'.

257 2255 293 2266 -
331 2227 401 2283 267.
434 2221 585 2298 strictim,
619 2229 646 2281 iv
673 2227 740 2302 χρῷ,
767 2245 861 2302 usquc
894 2227 933 2283 ad
967 2231 1078 2296 cutcm;
1121 2241 1180 2301 per
1210 2222 1372 2302 pectinem,

254 2329 374 2405 pectine
395 2329 583 2404 interposito.
619 2324 729 2401 dicam,
754 2332 773 2388 i.
787 2349 813 2388 e.
836 2329 959 2405 putabo,
983 2328 1019 2387 cf.
1046 2331 1117 2388 528.
1142 2330 1213 2387 536.
1248 2327 1328 2386 Trio.
1347 2329 1371 2384 2.

272 2461 297 2470 -
333 2431 404 2490 268.
444 2446 542 2508 usque
576 2425 779 2491 admutilabit
809 2426 920 2508 probe,
955 2449 1075 2507 prorsus
1108 2431 1246 2490 mutilum
1279 2431 1372 2488 faciei.

163 2573 165 2576 -
255 2533 393 2594 Plautina
421 2533 612 2606 abundantia,
642 2535 678 2592 ci.
708 2533 778 2592 cist.
811 2535 884 2593 182:
923 2553 1035 2610 ,usque
1064 2533 1221 2593 adsiduo“.
1269 2532 1372 2592 Pseud.

257 2641 331 2697 547:
364 2643 477 2712 „totum
500 2633 624 2713 usque“.
670 2636 735 2695 Cas.
761 2639 838 2696 698:
877 2657 1025 2714 „propere
1048 2635 1138 2697 cito“.
1183 2637 1273 2696 Most.
1298 2637 1370 2694 526:

258 2741 364 2819 ,plane
392 2743 422 2798 iu
452 2745 629 2818 perpetuum
657 2737 807 2799 modum“.
864 2741 939 2799 701:
977 2743 1060 2814 „iure
1087 2745 1210 2817 optumo
1238 2737 1370 2798 meritc&

254 2845 318 2904 Mil.
350 2845 426 2903 394:
469 2863 534 2918 „me
563 2845 763 2902 insimulatam
790 2863 947 2921 perperam
975 2841 1109 2902 falsum.“
1174 2846 1252 2903 402:
1286 2839 1371 2900 adid

254 2949 420 3026 exemplum
453 2943 580 3006 simile“.
637 2947 726 3006 Mero.
752 2949 806 3006 93:
849 2953 901 3020 „ut
928 2948 1024 3020 uolui,
1060 2967 1095 3005 sx
1125 2943 1303 3005 sententia“.
1333 2973 1370 2982 -

254 3054 326 3112 272.
349 3045 523 3125 familiaris
544 3045 644 3126 filius,
668 3050 704 3109 cf.
727 3052 810 3108 Asin.
836 3052 906 3110 265.
934 3079 971 3090 -
996 3053 1067 3108 273.
1096 3044 1247 3126 Eupcpce
1267 3048 1369 3106 Parcus

149 3226 151 3232 Ι
254 3175 324 3227 em.,
358 3149 485 3213 ssadem
508 3147 623 3212 oleato
646 3155 703 3210 ism
727 3153 819 3230 antiq.
843 3153 925 3225 edd,
951 3153 986 3212 cf.
1012 3153 1117 3211 Bacch.
1145 3155 1215 3212 120.
1264 3152 1368 3225 ,talca-

254 3255 335 3317 tum“
361 3263 461 3315 autem
482 3259 697 3332 paronomasiae
721 3277 809 3314 causa
836 3261 926 3332 poete
953 3259 1064 3332 posuit.
1120 3254 1367 3332 Sapientissimum

253 3364 359 3432 virum,
383 3361 491 3436 inquit,
513 3379 575 3437 prae
599 3360 655 3419 hoc
673 3365 867 3432 contemnam,
891 3361 967 3418 acsi
985 3360 1100 3418 talento
1118 3358 1191 3416 mihi
1209 3358 1366 3427 addicatur,
1442 3337 1443 3350 ἵ

253 3463 333 3540 quod
355 3483 410 3540 pro
441 3463 495 3520 tali
523 3483 609 3521 servo
637 3463 696 3521 vile
724 3463 853 3539 pretium
882 3462 1014 3535 videtur,
1049 3481 1145 3520 emero
1168 3461 1274 3534 nolim,
1307 3477 1366 3518 uam

254 3567 332 3624 hunc
354 3565 459 3623 habco.
484 3595 524 3604 -
548 3567 619 3624 274.
644 3565 784 3624 Voculam
808 3565 951 3624 excidisse
974 3567 1089 3622 numeri
1110 3563 1289 3635 ostendunt,
1321 3556 1367 3620 illc

253 3668 401 3728 Camerar.
421 3666 551 3738 addidit;
574 3667 660 3726 Both,
684 3669 808 3744 aliique:
837 3667 929 3742 ,Nam
952 3664 1035 3744 pol“.
1054 3697 1095 3707 -
1118 3669 1190 3725 275.
1215 3663 1258 3725 ad
1277 3661 1365 3724 sertu-

255 3770 349 3830 tuiem
376 3765 518 3844 contulit,
552 3771 572 3829 i.
596 3791 621 3830 e.
651 3771 899 3843 accommodavit,
935 3771 970 3829 cf.
995 3771 1054 3830 Cic·
1079 3769 1162 3827 Verr.
1188 3768 1221 3841 V,
1247 3771 1294 3840 30,
1317 3770 1364 3826 77:
1441 3751 1442 3810 i

257 3883 307 3948 ,tu
329 3873 491 3951 supplicia,
523 3893 589 3951 quae
612 3873 758 3932 debentur
780 3871 915 3932 hostibus
938 3851 1232 3945 victis,‘adtuu1n,
1256 3891 1312 3928 uou
1332 3867 1365 3926 ad

254 3980 327 4056 reip.
350 3983 467 4053 tempus
491 3973 666 4036 conferes?“
687 4007 730 4016 -
753 3977 824 4034 276.
851 3970 917 4052 Quo
939 3971 977 4034 de
997 3990 1108 4051 peracre
1128 3975 1234 4034 actas
1278 3973 1363 4044 vulgo

253 4083 315 4140 siue
337 4081 550 4158 praepositione
576 4097 653 4156 „quo
675 4097 783 4156 genere
806 4076 911 4137 aetus¹⁴
938 4077 1062 4150 dicitur,
1092 4097 1147 4135 nec
1177 4081 1277 4135 tamen
1303 4075 1362 4132 ideo

253 4186 428 4243 mutaverim
457 4189 509 4242 sut
538 4181 632 4240 Brixii
660 4184 858 4241 coniecturam
887 4181 986 4268 ,Qum
1015 4181 1075 4254 dic,
1110 4177 1237 4258 genere“
1267 4178 1362 4257 proba·

253 4289 355 4345 verim.
378 4315 420 4326 -·
446 4279 638 4362 Polpplusw,
662 4285 697 4343 cf.
717 4287 789 4343 968.
824 4285 937 4343 Nomen
955 4285 1072 4360 generis
1091 4282 1128 4340 ad
1147 4281 1267 4340 divitias
1284 4282 1361 4357 sigui·

253 4387 382 4447 ficandas
415 4393 516 4464 aptum
549 4387 644 4460 fingit.
678 4415 720 4426 -
757 4389 828 4444 277.
861 4381 910 4444 illi
936 4385 1021 4444 Both.
1054 4405 1126 4456 em.,
1162 4387 1199 4443 oi.
1228 4387 1294 4442 340.
1326 4405 1361 4418 -·
1439 4459 1440 4484 1
