2960 5012
259 524 300 585 74
773 518 867 574 Plauti
1194 521 1231 592 11,
1243 525 1269 593 ὓ,
1281 525 1373 579 att-31

257 705 332 772 Non
354 707 554 792 inpetratum
576 707 611 772 id
634 705 824 780 aduenienti
845 710 876 774 ei
897 707 1089 776 redderem?
1332 731 1374 785 195

258 815 420 900 Regiones
443 815 550 882 colere
571 815 744 882 mauellem
767 815 1012 884 Acherunticas.

710 968 932 1055 Chrysalus

258 1076 339 1158 Eho,
362 1099 404 1143 an
426 1078 579 1144 inuenisti
601 1077 822 1144 Bacchidem?

688 1231 949 1300 Pistoclerus

739 1405 740 1408 ,
857 1341 1000 1408 Samiam
1023 1342 1163 1426 quidem.

579 1505 583 1514 '
711 1495 934 1580 Chrysalus

260 1603 355 1684 Uide,
379 1625 512 1687 quaeso,
533 1625 575 1668 ne
597 1603 668 1686 quis
690 1610 812 1670 tractet
835 1604 927 1670 illam
949 1605 1138 1691 indiligens3

260 1713 332 1780 Scis
353 1720 401 1794 tn,
423 1719 462 1779 ut
485 1711 646 1796 confringi
668 1733 729 1778 uas
752 1713 818 1777 cito
841 1712 986 1779 Samium
1007 1715 1097 1780 solet.

693 1865 951 1932 Pistoclerus

259 1976 372 2042 Iamne
395 1981 433 2042 ut
456 1975 565 2042 soles?
670 2009 676 2022 ·
743 2003 763 2044 ο

711 2127 937 2212 Chrysalus
1036 2195 1040 2232 ,Ι

607 2237 675 2317 Dic,
697 2235 754 2301 ubi
777 2256 817 2302 ea
838 2258 923 2301 nuno
946 2247 1004 2319 est,
1028 2237 1178 2304 obsecro.
1327 2257 1379 2309 200
1459 2257 1460 2320 j

696 2401 952 2468 Pistoclerus

258 2511 329 2590 Hic,
354 2516 525 2578 exeuntem
547 2530 599 2574 me
622 2509 708 2574 unde
732 2509 914 2594 adspexisti
936 2509 1043 2576 modo.

708 2671 932 2758 Chrysalus

261 2780 307 2846 Ut
329 2783 416 2847 istuc
439 2790 489 2849 est
509 2781 672 2866 lepidum!
697 2804 854 2866 proxume
876 2783 1019 2848 uiciniae

259 2889 405 2955 Habitat.
451 2890 657 2976 Ecquidnam
679 2891 827 2955 meminit
849 2891 1064 2958 Mnesilochi?

694 3055 949 3121 Pistoclerus

1099 3165 1227 3250 Rogas?
1242 3252 1245 3258 1

261 3271 363 3336 Immo
386 3273 481 3338 unice
503 3292 605 3337 unum
627 3271 769 3356 plurumi
792 3271 916 3356 pendit.

709 3436 931 3522 Chrysalus

957 3545 1076 3630 Papae.

691 3689 950 3756 Pistoclerus

258 3794 360 3860 Immo
383 3801 421 3860 ut
443 3815 515 3867 eam
539 3796 669 3862 credis?
691 3799 810 3863 misere
833 3819 948 3864 amaus
972 3797 1147 3864 desiderat.

251 4039 255 4046 ,
713 3962 931 4047 Chrysalus

260 4067 383 4134 Scitum
405 4069 500 4135 istuc.

291 4326 541 4464 '2020proximae
559 4325 587 4380 B
673 4326 723 4381 203
742 4333 769 4380 et
787 4327 920 4395 quidnam
1007 4327 1058 4382 205
1076 4343 1140 4383 eum
1208 4325 1317 4378 miserae
1332 4315 1373 4382 Β,

259 4425 360 4462 mucera
