2932 5010
253 498 314 558 354
737 495 886 550 Aulularia.

253 687 397 763 Seyffert,
422 687 506 747 stud.
529 710 558 768 p.
580 693 597 750 9
621 691 728 750 maluit
755 692 877 764 „misera
900 683 1070 748 miserum“.
1097 716 1133 726 -
1159 687 1376 764 0111111111-

253 809 330 846 mam
361 793 496 868 corripit,
530 813 557 851 ν.
587 793 679 854 Proll.
708 815 737 872 p.
763 796 833 852 204.
889 790 1041 868 Significat
1070 796 1169 849 autern
1201 787 1377 864 „affectns“,

252 893 287 949 ci.
313 893 389 951 Rud.
415 896 490 953 73οε
536 896 599 967 ,111
628 915 682 970 ego
710 904 740 954 te
767 896 836 954 hinc
869 899 1006 954 ornatum
1037 896 1190 964 amittam,
1224 901 1258 950 tu
1289 895 1378 968 ipsus

178 1065 180 1074 Ι
253 1001 282 1052 11
305 1001 339 1052 ut
362 1015 421 1054 non
444 995 594 1056 noueris“.
636 997 720 1076 Capt.
740 1001 811 1058 992.
847 997 913 1054 Tor.
937 997 994 1055 Ad.
1020 997 1095 1054 176:
1128 999 1270 1067 ,ornatus
1291 1014 1378 1052 esses

252 1117 287 1154 ex
310 1099 372 1156 tuis
394 1097 589 1158 uirtutibus“.
635 1115 670 1159 eo
694 1105 790 1158 autem
814 1105 859 1158 est
884 1097 1038 1172 „incedo“,
1061 1099 1226 1172 1111706
1249 1117 1378 1166 ,caecus

252 1197 316 1258 eo“.
352 1229 393 1239 —
428 1201 498 1260 714.
538 1198 645 1278 pemitt'
683 1223 719 1260 ex
757 1203 888 1278 antiquis
927 1202 1127 1276 grammaticis
1166 1199 1379 1270 emendatum

250 1322 318 1360 nam
346 1307 470 1378 propter
498 1303 573 1362 hanc
601 1305 736 1364 secundae
766 1305 975 1362 declinationis
1003 1305 1126 1361 sormam
1157 1321 1259 1382 versus
1288 1299 1379 1359 affer-

252 1409 301 1463 tur
329 1411 359 1462 et
388 1425 405 1462 a
432 1403 530 1464 Nonio
560 1427 588 1483 p.
620 1409 696 1481 187,
731 1409 782 1484 qui
819 1427 883 1465 cum
910 1405 1058 1464 Plautinis
1094 1404 1180 1464 codd.
1210 1406 1241 1461 in
1271 1423 1380 1462 errore

251 1502 327 1564 moli
349 1507 507 1579 consentit,
532 1516 562 1566 11
584 1529 601 1566 1
623 1509 776 1570 Prisciano
800 1511 855 1582 Vl,
880 1511 935 1580 73,
959 1529 988 1585 p.
1014 1510 1074 1566 258
1098 1507 1146 1579 Η.,
1180 1505 1262 1583 apud
1284 1525 1380 1582 quem

251 1617 333 1666 recte
355 1604 446 1668 nlalae
468 1610 617 1670 scribitur.
663 1612 727 1670 Vox
748 1633 803 1688 pro
825 1611 997 1688 pyrrhichio
1021 1616 1074 1682 ost,
1098 1631 1126 1668 v.
1146 1609 1237 1668 Proll.
1256 1629 1286 1686 p.
1301 1610 1380 1667 206.

251 1705 345 1781 mihi,
376 1711 423 1770 rel
450 1709 526 1784 ,mi“
559 1733 623 1772 cum
652 1716 787 1792 sequenti
815 1714 929 1790 syllaba
958 1713 1102 1770 coalescit.
1158 1711 1232 1770 Post
1261 1707 1383 1787 optarit

252 1813 322 1874 olim
346 1815 376 1872 et
397 1815 583 1889 addideram,
618 1823 652 1876 ut
674 1818 882 1876 restitueretur
912 1816 1094 1887 octonarius;
1129 1833 1217 1888 quem
1241 1813 1384 1890 perdidit
1464 1875 1465 1880 .

250 1915 436 1976 Camerarius
478 1924 581 1976 contra
620 1921 729 1979 codicis
762 1921 963 1978 testimonium
996 1936 1113 1976 versum
1153 1919 1184 1975 in
1224 1915 1378 1987 ,obtulit“
1464 1913 1465 1980 ζ

250 2021 429 2091 terminium
458 2023 517 2078 iam
547 2041 612 2080 cum
634 2022 772 2094 ldiillero,
796 2022 840 2081 Pl.
864 2021 947 2080 Pras.
970 2041 999 2097 p.
1026 2021 1095 2092 195,
1124 2039 1190 2076 cum
1215 2018 1382 2076 verborum

250 2121 384 2178 ordinem
406 2123 541 2198 prafero,
566 2143 654 2200 quem
677 2131 707 2182 et
730 2125 899 2184 Priscianus
922 2129 952 2181 et
981 2123 1096 2180 Nonius
1119 2120 1247 2180 habent:
1283 2121 1383 2193 „mihi

249 2223 297 2282 hic
325 2220 428 2283 dies“.·
472 2224 555 2296 Quod
580 2234 678 2285 autem
701 2228 873 2304 copulativa
895 2227 1065 2284 coniunctio
1087 2219 1166 2282 inter
1188 2223 1248 2281 duo
1270 2225 1384 2299 priora

250 2325 380 2384 membra
393 2327 487 2400 deest,
505 2349 532 2386 v.
546 2329 584 2387 ad
595 2331 678 2388 Asin.
694 2333 763 2390 564.
782 2359 824 2370 —
843 2332 914 2388 715.
934 2323 1185 2387 Perclitlssumus
1203 2331 1234 2390 et
1245 2321 1386 2400 perdidi

250 2422 339 2504 (717)
352 2431 478 2505 primam
496 2434 645 2509 corripere
662 2433 809 2507 videntur,
822 2453 849 2492 v.
862 2432 954 2491 Proll.
966 2450 995 2507 p.
1010 2430 1080 2489 204.
1096 2458 1134 2468 —
1148 2430 1208 2486 715
1222 2448 1268 2504 sq.
1281 2447 1384 2486 unum

251 2529 396 2589 Miillorus
424 2535 609 2592 octonarium
642 2535 713 2594 facit
740 2556 799 2594 non
828 2534 917 2593 nullis
947 2533 1082 2590 mutatis:
1120 2529 1387 2602 „Perditissamus

252 2652 314 2690 sum
339 2651 394 2708 ego
417 2635 503 2692 homo
522 2637 553 2694 in
571 2633 669 2696 terra“
692 2641 743 2696 aut
765 2637 1013 2711 „Perditissumus
1031 2653 1096 2692 sum
1115 2635 1248 2692 omnium
1265 2651 1324 2706 ego
1351 2635 1387 2692 in

252 2741 343 2794 terra.
368 2734 470 2812 quid“.
493 2767 535 2778 -
565 2741 635 2799 717.
671 2735 867 2798 1011131οᾶ10
889 2742 973 2795 extat
994 2738 1025 2794 in
1048 2738 1136 2794 inscr.
1159 2735 1238 2794 Mus.
1262 2734 1385 2795 Veron.

251 2859 281 2915 p.
310 2841 378 2911 170,
405 2842 431 2898 l.
476 2833 610 2916 Euomet
630 2843 764 2900 ultimam
786 2860 845 2898 non
873 2839 1021 2915 producit.
1076 2833 1283 2915 „defraudati
1312 2883 1320 2896 .
1344 2883 1353 2896 .
1376 2884 1385 2897 .

249 2938 392 3019 yeniurn“
418 2943 461 3000 ait
482 2943 587 3018 Wagn.
614 2945 743 3018 „legitur
765 2945 851 3001 otiam
875 2941 941 3000 Tor.
965 2941 1085 3000 Phorm.
1110 2941 1160 2998 44.
1205 2939 1299 2998 Lucil.
1328 2961 1384 3018 ap.

250 3043 326 3103 Non.
350 3065 379 3122 p.
406 3046 481 3116 117;
516 3047 697 3104 contrarium
725 3051 824 3104 autem
852 3043 932 3103 Pers.
964 3044 1039 3102 262:
1075 3043 1161 3117 genio
1189 3061 1255 3100 meo
1278 3044 1386 3102 multa

250 3146 327 3204 bona
350 3145 486 3205 faciam“.
521 3147 564 3206 Cf.
589 3150 677 3206 etiam
702 3147 791 3207 Stich.
817 3149 887 3206 622.
921 3145 1008 3204 Truc.
1035 3147 1104 3205 185.
1149 3144 1222 3202 Hor.
1240 3143 1294 3202 0d.
1321 3145 1385 3218 ΠΙ,

252 3251 298 3319 17,
326 3251 373 3307 14.
408 3277 450 3288 -
474 3251 544 3307 718.
580 3263 614 3309 10
643 3256 816 3326 corruptum
844 3249 956 3308 delevit
984 3247 1087 3321 Both.;
1120 3249 1209 3304 immo
1233 3251 1284 3304 aut
1305 3267 1385 3306 cum

249 3351 377 3408 Miillero
393 3349 500 3424 „ergof‘
516 3351 703 3410 scribendum
722 3357 780 3426 aut,
800 3357 835 3410 11
851 3352 946 3410 voluit
958 3349 1102 3425 Seyffert,
1127 3349 1235 3407 Philol.
1247 3347 1383 3423 XXVII,

248 3472 278 3528 p.
304 3453 381 3510 438:
409 3449 530 3524 ,adco“.

336 3556 407 3613 720.
431 3553 596 3642 Lyconides
620 3555 780 3614 eiulatione
805 3560 873 3612 ante
897 3555 984 3613 aedes
1008 3554 1111 3613 audita
1134 3553 1247 3625 auxilii,
1273 3553 1382 3628 credo,

250 3655 367 3714 ferendi
390 3677 478 3714 causa
501 3659 570 3731 exit,
594 3659 646 3718 sed
667 3658 809 3716 Eucliono
831 3659 903 3730 viso,
927 3677 1016 3734 quum
1039 3677 1104 3715 eum
1129 3655 1165 3714 de
1187 3655 1256 3714 filie
1279 3663 1380 3731 partu

212 3769 215 3776 “
251 3759 336 3834 queri
350 3760 526 3835 suspicetur,
539 3761 729 3819 vehomenter
742 3760 892 3819 turbatur.
928 3759 1094 3834 Octonariis
1105 3757 1264 3818 trochaicis
1276 3759 1379 3834 loqui-

249 3867 308 3920 tur.
332 3891 372 3900 —
397 3865 469 3921 721.
492 3859 606 3940 Atque,
630 3863 751 3922 11611.
794 3863 880 3921 Both.
899 3862 988 3921 Weis.
1002 3862 1107 3938 Wagn.
1127 3862 1205 3919 male
1219 3857 1309 3936 ,As“.
1331 3891 1380 3902 --

250 3966 320 4024 723.
341 3963 464 4040 haebam
484 3967 581 4044 anima
598 3985 702 4040 meam.
737 3964 786 4024 Sic
802 3985 916 4023 errores
935 3963 1044 4023 codicis
1061 3965 1084 4021 B
1102 3967 1257 4042 expunctis
1274 3962 1377 4022 tribus

248 4068 358 4126 litteris
380 4073 494 4126 maturo
517 4070 644 4126 correcti
667 4073 749 4140 sunt,
774 4074 804 4125 11
820 4071 852 4126 in
869 4066 896 4126 D
913 4072 993 4125 recte
1010 4066 1150 4125 scribitur
1166 4085 1278 4124 versus.
1317 4067 1375 4123 Al·

248 4177 343 4228 terum
363 4190 493 4228 errorem
510 4171 637 4227 removit
653 4169 807 4228 Acidalius
827 4171 924 4228 deleto
944 4183 985 4229 att
1002 4175 1070 4228 ante
1082 4165 1199 4242 adeam,
1224 4188 1278 4226 nec
1290 4169 1374 4226 enim

248 4291 307 4330 una
336 4274 533 4349 questionum
563 4273 654 4330 series
681 4276 874 4349 proponitur,
904 4273 956 4330 sed
979 4271 1038 4330 duo
1067 4271 1250 4342 dilemmate,
1279 4274 1372 4346 atque

248 4373 323 4430 adeo
342 4393 430 4432 unum
448 4373 563 4431 duobus
583 4373 679 4430 modis
698 4375 890 4432 enuntiatum.
936 4373 1021 4444 Quod
1044 4380 1142 4432 autem
1165 4393 1267 4430 versus
1290 4375 1373 4432 iusto
