2932 5010
241 469 303 532 344
724 460 876 516 Aulularia.

237 659 355 738 palsas,
386 657 421 717 es.
450 657 556 718 Bacch.
588 658 658 717 152.
696 655 805 716 Pseud.
831 656 921 716 1293.
961 654 1038 726 Rcd.
1063 655 1134 716 645.
1175 655 1266 716 Stich.
1292 655 1373 714 696.

241 759 308 822 Mil.
335 761 425 820 1026.
452 762 544 820 1323.
577 759 667 820 Most.
686 761 758 820 325.
793 757 877 818 Ourc.
897 759 946 817 83.
968 787 1012 800 -·
1035 759 1106 818 626.
1135 751 1370 820 Uerberobils's-

238 877 335 935 sume,
359 861 532 922 verberibus
545 862 726 936 dignissime,
752 857 1044 939 ,6666766666αῶ
1059 859 1185 920 Deenilr.
1200 889 1238 902 -··
1258 854 1371 935 trister,

241 964 278 1024 cf.
304 966 376 1024 318.
398 993 441 1005 -
464 965 535 1023 626.
558 958 765 1041 1609666611.
790 962 872 1037 edd.;
905 982 964 1024 vox
985 964 1016 1022 in
1038 963 1063 1022 B
1086 965 1269 1036 6661666661,
1295 969 1373 1024 cera

241 1063 413 1144 ,Rogitas“.
444 1095 482 1108 -
514 1067 585 1127 627.
618 1061 713 1126 Nihil
744 1086 800 1144 pro
827 1086 887 1125 nna
916 1066 1032 1142 syllaba
1057 1066 1227 1141 legendum.
1270 1059 1373 1125 Nihil

240 1164 297 1229 titi
320 1164 445 1244 abstuli,
468 1170 488 1226 i.
512 1189 536 1228 a.
560 1168 645 1228 nulls
666 1188 699 1226 re
721 1173 752 1228 te
774 1169 906 1246 privavi,
929 1167 982 1228 sed
1004 1167 1110 1228 Euclio
1132 1168 1221 1227 aliter
1244 1169 1370 1246 accipit,

238 1273 324 1348 quasi
347 1265 403 1330 tibi
425 1271 543 1330 dativus
567 1271 713 1332 commodi
736 1277 823 1344 esset,
846 1273 877 1330 iu
892 1277 975 1330 tuum
995 1289 1090 1342 usum,
1112 1272 1158 1329 tui
1174 1289 1245 1328 usus
1264 1290 1370 1330 66666.

238 1373 344 1450 Wagn.
368 1378 520 1450 comparat
542 1373 626 1451 Capt.
648 1376 718 1434 860.
736 1403 779 1414 -
801 1367 987 1446 abstulere-3,
1010 1374 1047 1434 cf.
1059 1373 1097 1432 66
1108 1373 1216 1452 Amph.
1231 1375 1305 1433 379.
1326 1403 1375 1414 -

237 1477 309 1534 629.
333 1473 467 1534 Leviculi
491 1495 608 1536 errores
631 1475 741 1536 codicis
763 1476 801 1548 Β,
825 1475 907 1554 quod
928 1478 1048 1534 inversa
1070 1480 1140 1548 sunt
1166 1495 1374 1554 personarum

235 1579 365 1650 nomina,
390 1584 421 1636 et
446 1578 535 1652 „Huc
551 1575 641 1656 quid“
667 1598 722 1655 pro
746 1579 852 1654 ecquid
875 1581 1027 1655 scriptum,
1052 1577 1125 1638 olim
1147 1577 1260 1637 sublati
1280 1585 1373 1652 sunt,

237 1699 292 1739 nec
313 1680 478 1740 Francken.
503 1681 662 1740 Camerarii
685 1682 864 1756 scripturam
891 1679 962 1753 ,ST.
987 1680 1062 1740 Hem
1086 1679 1159 1758 quid
1182 1678 1267 1757 agis?
1298 1679 1371 1746 EU.

238 1782 316 1854 Quid
349 1778 474 1860 agam?“
509 1783 620 1842 referre
653 1782 767 1842 debuit.
817 1777 946 1860 Ecquid
971 1777 1064 1860 cco?
1096 1784 1140 1842 sio
1168 1782 1242 1842 dicit
1269 1802 1371 1842 morse

235 1887 406 1962 impatiens,
430 1887 477 1944 cui
500 1886 575 1944 nihil
597 1887 646 1960 agi
668 1891 720 1944 aut
742 1883 819 1944 effici
841 1885 971 1958 videtur,
995 1885 1031 1944 of.
1054 1884 1143 1962 Epid.
1164 1887 1235 1944 677.
1279 1884 1371 1944 Idem

235 1987 393 2064 significat,
418 1988 496 2064 quod
510 1988 616 2062 Wagn.
640 1988 809 2046 substituit:
836 1988 918 2062 „Age
941 1989 966 2046 si
989 1987 1061 2064 quid
1084 1981 1185 2062 sgis“;
1209 1987 1373 2047 substituit

234 2095 335 2150 autem
346 2111 450 2150 versus
463 2111 560 2163 cause,
585 2109 762 2168 quamquam
782 2090 861 2148 idem
879 2087 922 2164 (iu
942 2087 1034 2164 notis)
1052 2090 1165 2149 hiatum
1183 2096 1253 2166 post
1270 2105 1371 2167 69666

235 2194 307 2253 ferri
330 2214 419 2272 posse
443 2199 558 2266 censet3
581 2191 631 2250 sed
654 2191 830 2270 productam
848 2193 984 2252 ultimam
1002 2191 1090 2252 huius
1106 2192 1192 2250 serbi
1211 2193 1369 2270 quomodo

233 2294 385 2354 feremus?
410 2294 533 2356 Guietus
549 2294 629 2368 ,Hoc
641 2290 776 2354 auferre“
797 2295 892 2354 edidit
902 2295 1032 2367 Miiller,
1048 2291 1174 2370 „Hine“,
1194 2293 1367 2356 Francken.

238 2395 355 2471 „Mea“,
380 2398 461 2474 quod
483 2397 670 2475 6666666-
686 2413 751 2456 uon
770 2399 871 2474 poteo,
894 2417 955 2456 non
977 2397 1087 2465 licebit.
1105 2427 1148 2437 -
1166 2399 1238 2457 629.
1264 2392 1368 2472 Pone,

233 2502 254 2560 i.
268 2520 293 2559 e.
313 2500 429 2576 depone
441 2501 543 2560 ollam.
576 2498 668 2558 Recte
686 2507 716 2558 et
733 2519 769 2558 ex
787 2501 933 2558 communi
950 2519 1032 2558 more
1049 2500 1106 2559 hoc
1123 2499 1235 2558 dicitur
1252 2505 1365 2560 omisso

234 2603 361 2675 obiecto,
386 2602 423 2661 cf.
446 2601 537 2661 Mero.
563 2603 639 2660 766:
673 2601 761 2674 „dum
783 2602 828 2660 illi
850 2598 997 2680 ponunt“,
1022 2621 1060 2662 so.
1085 2621 1166 2661 vasa.
1207 2601 1280 2661 Hor.
1301 2601 1364 2680 Ep.

234 2703 258 2778 I,
286 2706 333 2777 16,
359 2706 413 2764 35:
441 2704 553 2778 „Pone
577 2723 676 2762 meum
698 2710 751 2777 est,
774 2706 883 2781 inquit.
924 2705 1018 2778 Pano,
1041 2705 1199 2782 tristisque
1220 2703 1362 2764 recedo“.

232 2801 341 2866 -Id
362 2801 486 2884 quidem
508 2805 619 2866 Pareus
642 2827 711 2880 em.;
745 2807 897 2884 plerique:
930 2803 1128 2884 „Equidem“.
1173 2807 1247 2866 Mox
1269 2827 1363 2884 quum

234 2905 309 2969 data
331 2925 365 2969 re
387 2909 516 2986 intelligi
538 2929 597 2968 non
627 2911 735 2986 possit,
765 2909 832 2969 edd.
859 2907 1000 2982 „datare“
1027 2909 1176 2982 scribunt,
1206 2910 1239 2967 id
1261 2915 1361 2968 autem

234 3011 338 3072 eodem
373 3012 462 3070 modo
496 3011 684 3086 intelligunt,
719 3031 778 3087 quo
810 3009 917 3086 „dere“
949 3010 1047 3071 Casiri.
1078 3013 1149 3072 339.
1208 3009 1357 3086 „Servus“

232 3117 374 3192 inquiunt
396 3115 571 3188 „obscenum
588 3115 686 3172 iocum
705 3119 837 3190 captans,
861 3134 951 3191 quum
962 3113 1069 3174 Euclio
1086 3111 1204 3187 ,Pone“
1225 3115 1360 3186 dixisset,

231 3217 288 3275 boc
322 3217 444 3276 verbum
478 3237 533 3295 pro
568 3216 709 3275 adverbio
745 3217 868 3293 accipit,
904 3218 988 3293 quasi
1020 3237 1055 3289 „a
1090 3214 1214 3293 tergo¹⁴3
1259 3235 1293 3274 66
1325 3236 1360 3274 rs

230 3339 304 3378 vera
335 3320 390 3377 tali
420 3320 559 3395 ambiguo
587 3319 712 3378 Plautus
740 3323 840 3378 utitur
868 3318 958 3378 Poen.
989 3319 1050 3378 614
1079 3338 1139 3394 sq.:
1178 3317 1278 3390 „Pone
1304 3337 1361 3376 nos

231 3421 346 3480 recede.
403 3421 459 3481 00.
494 3422 571 3482 Fiat.
633 3419 698 3480 AD.
727 3419 788 3478 Nos
815 3421 930 3496 priores
959 3421 1077 3480 ibimus.
1139 3418 1197 3480 CO.
1231 3419 1359 3479 Faciunt

233 3543 352 3582 scurrae
376 3523 455 3600 quod
479 3529 673 3597 consuerunt;
696 3541 773 3598 pone
797 3541 862 3580 sese
885 3521 1018 3582 homiues
1041 3519 1171 3582 locant“.
1207 3521 1265 3581 Sed
1288 3522 1358 3581 inde

232 3645 292 3684 666
322 3627 457 3702 sequitur
484 3625 563 3684 idem
586 3626 614 3686 b.
639 3627 659 3684 l.
682 3625 794 3684 factum
818 3644 891 3683 6666.
937 3625 1163 3686 cavillationem
1185 3627 1284 3684 inesse
1306 3644 1359 3702 up-

230 3733 332 3804 poret,
367 3727 583 3804 turpitudinem
612 3747 671 3786 non
700 3731 834 3802 apparet.
888 3727 1035 3805 Equidem
1064 3725 1184 3789 dictare
1216 3728 1358 3786 Plautum

231 3831 386 3907 scripsisse
409 3830 507 3889 credo.
543 3830 703 3906 Postquam
716 3829 820 3888 Euclio
843 3850 970 3903 servum,
994 3831 1075 3908 qnod
1097 3849 1196 3890 seeum
1213 3835 1357 3906 portaret,

230 3951 342 4009 ponere
364 3933 465 4005 iussit,
500 3936 588 3992 utin
611 3932 772 3991 Horatiano
794 3933 874 4005 loco,
910 3953 997 4008 quem
1020 3933 1221 4003 laudavimus,
1256 3951 1357 3991 servus

230 4033 402 4112 respondet,
426 4035 552 4094 latronis
575 4035 652 4094 banc
673 4055 774 4092 vocem
799 4054 871 4107 esse,
895 4035 947 4094 666
970 4057 999 4094 66
1018 4035 1103 4093 facile
1121 4035 1243 4094 credere
1261 4033 1357 4094 Eucli-

231 4156 317 4195 onem
331 4157 365 4195 ea
377 4140 422 4195 uti
436 4139 542 4196 solere.
557 4166 595 4178 —
610 4139 681 4196 639.
693 4131 750 4195 hoc
761 4136 867 4212 Wagn.
880 4139 965 4214 quasi
980 4137 1072 4209 ,huc“
1094 4139 1212 4214 accipit,
1226 4138 1263 4196 cf.
1276 4137 1357 4196 Brix.

231 4238 269 4298 66
282 4238 446 4315 captent,
459 4259 512 4297 nos
525 4239 563 4298 66
575 4237 681 4298 Bacch.
697 4239 794 4313 1150;
807 4259 860 4298 nec
875 4235 960 4312 ,bic“
975 4243 1184 4312 necessarium,
1197 4259 1225 4300 v.
1234 4239 1272 4298 66
1285 4241 1356 4299 698.

229 4368 274 4380 -·
285 4339 376 4418 aufer
387 4335 542 4414 cantillam,
555 4339 658 4399 desine
670 4340 814 4413 cauillari,
827 4340 863 4400 cf.
874 4339 959 4418 Capt.
974 4344 1045 4402 959.
1075 4342 1160 4402 Cure.
1174 4342 1246 4401 245.
1274 4341 1355 4402 Men.
