2928 5010
85 451 250 520 11‚1‚so-ot
573 447 691 518 captiui.

501 634 758 702 Philocrates

85 749 153 817 Scio.

415 859 418 864 “
525 851 736 938 Tyndarus

193 967 236 1030 At
258 963 344 1031 seire
368 966 540 1041 memento,
564 959 695 1045 quando
717 959 752 1026 id
774 959 864 1046 quod
885 959 977 1026 uoles
998 959 1152 1043 habebis3

12 1127 14 1154 ι
80 1074 152 1141 Nam
161 1073 228 1141 fero
240 1090 396 1138 maxuma
406 1090 484 1156 pars
496 1090 620 1136 morem
638 1069 725 1135 hunc
745 1066 921 1152 [homines]
939 1067 1078 1136 habent:
1103 1070 1192 1156 quod

12 1167 13 1170 ¹
787 1177 850 1244 sibi
872 1177 997 1260 uolunt,

80 1291 151 1356 llum
177 1289 211 1355 id
239 1290 421 1374 inpetrant,
449 1276 528 1354 honi
556 1293 650 1368 sunt;
680 1285 739 1353 sed
760 1286 796 1352 id
824 1286 883 1353 uhi
910 1287 977 1353 iam
998 1305 1099 1372 penes
1121 1307 1193 1354 soso

784 1395 917 1476 habent,

12 1511 13 1516 ’
78 1506 119 1570 Er
139 1507 230 1574 bonis
253 1504 401 1591 pessumi
424 1509 458 1569 et
478 1500 786 1569 haudulentissumi

77 1615 172 1681 Fiunt.
215 1613 310 1680 Nunc
332 1618 370 1678 ot
392 1610 472 1677 mihi
493 1615 528 1676 te
549 1611 627 1678 uolo
651 1633 723 1678 esso
746 1619 890 1678 autumo.

12 1723 13 1732 ’
78 1723 161 1800 Quod
182 1723 244 1790 tihi
268 1720 401 1802 suadeo,
425 1719 583 1786 suadeam
605 1741 678 1786 meo
701 1720 799 1805 patri.

493 1859 759 1929 Philocrates

75 1973 127 2040 Pol
147 1995 205 2059 ego
227 1981 271 2055 te,
295 1973 323 2040 'si
347 1971 495 2052 audeam,
519 1991 626 2036 mcum
649 1978 777 2055 patrem
799 1971 977 2052 nominem3

76 2080 150 2148 Nam
172 2081 350 2148 secundum
373 2087 500 2165 patrem
521 2085 559 2145 ιιι
582 2100 617 2145 es
639 2086 735 2164 pater
757 2100 946 2163 proxumus.

525 2221 736 2308 Tyndarus

75 2333 180 2399 Audio.

497 2437 764 2506 Philocrates

218 2549 262 2615 Et
285 2555 462 2634 propterea
483 2549 614 2632 saepius
636 2555 670 2613 te
692 2555 729 2613 nt
751 2548 937 2613 memineris
960 2569 1093 2614 moneo:

74 2654 142 2723 Non
171 2679 229 2742 ego
258 2677 334 2724 erus
363 2657 440 2738 tibi,
469 2655 529 2724 sed
557 2677 729 2722 conseruos
754 2677 835 2722 sum.
886 2657 978 2722 Nunc
1001 2656 1136 2724 obsecro
1159 2665 1192 2724 to

784 2765 846 2830 hoc
870 2754 984 2830 unum':
1141 2784 1193 2838 240

75 2871 228 2956 Quoniam
250 2873 347 2941 nobis
370 2872 405 2939 di
426 2873 618 2940 inmortales
642 2875 785 2938 animum
808 2873 1022 2939 ostenderunt
1045 2895 1149 2954 suum,

74 2979 115 3045 Ut
130 2984 183 3066 qui
202 3004 292 3048 erum
309 3003 361 3048 me
378 2981 441 3048 tibi
458 2981 559 3049 fuisse
572 2988 670 3064 atque
684 3001 757 3047 esse
768 3003 855 3046 nunc
867 3001 1060 3048 conseruom
1078 2984 1191 3064 uelint,

74 3087 132 3164 Qui
160 3090 299 3157 antehac
328 3111 388 3174 pro
415 3092 486 3157 iure
515 3089 735 3175 inperitabam
763 3111 851 3172 meo,
879 3110 966 3155 nunc
993 3097 1026 3156 te
1055 3112 1111 3157 oro
1135 3113 1193 3175 per

686 3275 690 3282 ,
784 3219 925 3284 precem,

73 3302 132 3369 Per
152 3306 315 3374 fortunam
337 3308 497 3372 incertam
520 3313 553 3373 et
575 3329 634 3391 per
657 3297 721 3374 mei
739 3313 771 3373 te
790 3328 869 3392 erga
887 3307 1070 3373 bonitatem
1087 3307 1192 3392 patris

71 3409 131 3477 Per
149 3416 383 3482 conseruitium
401 3436 582 3494 commune,
606 3415 695 3498 quod
716 3416 846 3482 hostica
866 3415 976 3480 euenit
994 3437 1101 3496 manu,
1142 3433 1192 3488 aas

70 3519 117 3584 Ne
139 3543 187 3589 me
211 3543 307 3590 secus
330 3523 453 3590 honore
476 3523 641 3606 honestes,
664 3545 762 3608 quam
785 3545 882 3607 quom
906 3524 1053 3590 seruibas
1077 3523 1166 3605 mihi,

70 3627 173 3714 Atque
189 3638 235 3712 ut,
259 3634 316 3714 qui
327 3631 429 3698 fueris
449 3638 483 3698 et
499 3634 557 3717 qui
569 3654 656 3698 nuuc
673 3633 727 3713 sis,
750 3633 937 3699 meminisse
949 3639 986 3698 ut
998 3633 1191 3699 memineris.

527 3781 736 3866 Tyndarus

69 3879 142 3950 Scio
164 3887 296 3970 quidem
319 3909 369 3954 me
392 3894 426 3954 te
450 3910 522 3954 esse
545 3911 632 3956 nunc
655 3898 688 3955 et
710 3897 743 3956 to
767 3911 837 3956 esse
861 3911 920 3954 me.

137 4164 182 4220 231
201 4165 255 4220 TY.
277 4151 350 4222 Soio.
369 4165 439 4221 PHI.
459 4167 498 4220 At
593 4169 644 4222 235
664 4166 737 4222 Sunt
824 4168 875 4222 236
893 4165 1026 4220 suadeam
1043 4181 1095 4220 sus
1113 4164 1193 4218 deam

65 4247 275 4320 satagente
294 4251 411 4306 audeam
481 4255 531 4306 240
550 4269 646 4306 seruus
710 4255 761 4307 242
779 4258 862 4306 erunt
925 4253 975 4304 243
993 4249 1076 4318 Quod
1142 4249 1193 4303 ato

62 4330 175 4401 Perque
225 4339 276 4392 246
296 4337 438 4393 seruiebat
