2922 5006
721 513 813 567 Plauti
1156 513 1178 581 1,
1190 514 1215 580 3,
1226 513 1340 566 40-54

629 701 903 768 Phaedromus

853 803 973 894 Pergin'
995 811 1103 890 etiam,
1126 810 1288 876 uerbero?

651 977 882 1042 Planesium

202 1087 287 1167 Noli,
311 1085 440 1166 amabo,
463 1086 638 1152 uerberare
660 1085 814 1168 lapidem,
836 1105 877 1148 ne
899 1085 1019 1170 perdas
1044 1106 1186 1149 manum.

438 1321 441 1328 ,
657 1249 877 1316 Palinurus

201 1361 379 1445 Flagitium
400 1359 623 1446 probrumque
647 1381 808 1443 magnum,
831 1357 1044 1440 Phaedrome,
1068 1359 1315 1444 expergefacis3

203 1468 292 1534 Bene
315 1475 554 1534 monstrantem
577 1470 694 1553 pugnis
714 1468 836 1549 oaedis,
858 1468 944 1533 hano
962 1489 1063 1546 amas,
1088 1489 1192 1550 nugas
1211 1490 1336 1535 merae.

204 1576 330 1642 Hocine
352 1575 433 1657 fieri,
457 1585 495 1642 ut
516 1577 709 1642 inmodestis
732 1583 765 1640 te
788 1577 968 1642 modereris
991 1575 1159 1642 moribus?
1282 1595 1339 1648 200

630 1741 908 1808 Phaedromus

204 1851 292 1917 Auro
312 1857 428 1918 oontra
446 1851 526 1917 oedo
544 1851 729 1917 modestum
747 1858 941 1930 amatorem3
965 1871 1053 1915 ame
1072 1872 1186 1916 aurum
1207 1854 1335 1936 accipe.

654 2005 877 2071 Palinurus

206 2112 294 2180 Cedo
317 2114 398 2180 mihi
421 2121 535 2181 contra
557 2113 754 2193 aurichalco,
779 2115 857 2196 quoi
880 2134 938 2197 ego
963 2133 1043 2178 sano
1067 2115 1218 2178 seruiam.

650 2268 884 2334 Planesium

204 2377 293 2442 Bene
316 2377 401 2457 uale,
426 2377 518 2442 oeule
541 2379 602 2458 rni3
625 2397 701 2442 nam
721 2378 863 2441 sonitum
883 2381 916 2442 et
933 2374 1338 2461 crepitum'olaustrorum

815 2553 820 2560 ,
922 2484 1031 2564 audio,

205 2593 380 2658 Aedituum
404 2592 540 2658 arbitror
561 2596 690 2678 aperire
713 2593 832 2658 fanum.
869 2591 1009 2672 Quaeso,
1032 2593 1179 2658 adhunc
1199 2593 1338 2658 modum

205 2701 295 2766 Inter
316 2722 377 2767 nos
400 2721 512 2767 amore
535 2709 665 2768 utemur
688 2723 818 2786 semper
841 2701 1066 2785 subreptioio?
1283 2719 1340 2772 205

629 2855 911 2922 Phaedromus

205 2963 364 3046 Minume;
387 2985 463 3030 nam
485 2965 667 3050 parasitum
691 2965 765 3029 misi
788 2963 1049 3046 nudiusquartus
1074 2962 1205 3028 Cariam

204 3073 322 3139 Petere
345 3079 533 3156 argentum
557 3073 584 3138 is
606 3072 704 3138 hodie
727 3072 782 3137 hio
806 3071 923 3138 ederit.

565 3297 568 3304 ,
654 3226 891 3293 Planesium

910 3333 1054 3399 Nimium
1078 3332 1244 3398 consultas
1269 3333 1339 3400 diu.

631 3482 910 3548 Phaedromus

204 3589 257 3655 Ita
279 3613 330 3657 me
356 3591 466 3657 Uenus
484 3597 581 3671 amet,
604 3597 642 3656 ut
661 3611 720 3674 ego
738 3599 772 3657 te
791 3591 854 3657 hoo
871 3591 1017 3656 triduum
1034 3611 1211 3673 numquam
1229 3591 1339 3654 sinam

204 3698 244 3763 In
267 3699 362 3765 domo
386 3721 457 3766 esse
480 3702 574 3780 istae,
598 3701 676 3783 quin
700 3721 760 3784 ego
783 3707 817 3766 te
840 3699 1011 3766 liberalem
1032 3698 1178 3764 liberem.

653 3853 892 3918 Planesium

204 3959 320 4026 Facito
343 3969 380 4026 ut
402 3961 596 4027 memineris.
649 3962 735 4027 Tene
765 3963 875 4042 etiam,
905 3961 995 4045 prius
1020 3981 1118 4042 quam
1140 3958 1216 4024 hino
1240 3959 1339 4038 abe0,

925 4070 1062 4135 sauium.
1286 4085 1342 4138 210

276 4327 324 4380 199
342 4324 417 4379 oedis
478 4327 530 4380 200
547 4326 711 4381 inmodestis
728 4325 775 4380 hie
794 4332 823 4380 te
889 4327 941 4380 204
958 4324 1096 4379 Edituum
1115 4324 1222 4392 aperire
1241 4321 1343 4378 fanum

205 4425 350 4480 quousque
369 4427 464 4478 quaeso
517 4415 567 4466 205
583 4413 688 4467 utimur
