2922 5006
97 523 116 590 l,
125 523 147 582 3,
157 523 234 577 66-
243 521 279 593 ΙΙ,
293 525 315 591 1,
328 524 357 577 11
591 517 728 574 Curculio.
1158 523 1219 586 229

519 706 793 776 Phaedromus

95 820 283 905 Siquidem
306 818 415 885 hercle
439 817 520 884 mihi
543 837 680 901 regnum
703 816 815 896 detur,
843 835 1021 900 numquam
1048 815 1083 881 id
1111 817 1220 900 potius

801 945 1002 1009 ¹persequar.

95 1036 231 1116 Quando
257 1058 318 1120 ogo
340 1042 374 1102 te
397 1035 543 1101 uidebo?

541 1182 772 1248 Planesium

541 1289 626 1356 Hem
649 1289 669 1370 ’r
692 1291 777 1354 istoc
800 1287 902 1354 uerbo
925 1289 1107 1356 uindictam
1129 1312 1221 1376 para.

93 1399 125 1466 Si
148 1422 253 1480 amas,
278 1422 365 1481 eme,
387 1421 429 1466 ne
452 1401 592 1484 rogites3
616 1397 728 1477 facito,
752 1403 789 1462 ut
810 1399 917 1482 pretio
941 1401 1114 1483 peruinoas
1136 1406 1205 1468 tuo.

92 1509 179 1575 Bene
202 1511 288 1575 nale.

520 1631 795 1699 Phaedromus

246 1743 359 1810 Iamne
382 1765 442 1827 ego
465 1742 656 1826 relinquor?
680 1741 803 1826 pulcre,
827 1739 991 1822 Palinure,
1016 1743 1131 1807 occidi.

543 1891 768 1956 Palinurus

90 2003 158 2087 Ego
183 2001 330 2086 quidem,
354 2001 410 2084 qui
433 2007 467 2066 et
489 1999 678 2085 uapulando
702 2005 736 2064 et
758 2019 872 2064 somno
894 2018 1003 2084 pereo.

520 2147 800 2214 Phaedromus

923 2253 1068 2338 Sequere
1091 2279 1152 2324 me.
1171 2275 1222 2329 215

556 2447 758 2455 --—-.--.-

212 2633 441 2700 CAPPADOX
463 2633 588 2700 LENO.
635 2632 914 2702 PALINURUS
933 2633 1107 2701 SERUOS.

545 2822 770 2908 Cappadox

89 2933 234 3015 Migrare
258 2939 418 2998 certumst
440 2933 506 2999 iam
528 2954 615 2998 nunc
638 2953 655 2997 e
678 2931 755 2996 fano
779 2931 879 3014 foras,

90 3039 231 3117 Quando
255 3041 431 3126 Aesculapi
454 3042 502 3108 ita
526 3041 632 3106 sentio
657 3042 864 3121 sententiam,

88 3149 133 3215 Ut
156 3149 218 3232 qui
241 3171 292 3214 me
315 3148 410 3214 nihili
433 3147 534 3216 faciat
556 3169 618 3214 neo
641 3147 767 3214 saluom
789 3148 881 3215 uelit.

88 3257 258 3324 l'aletudo
282 3257 455 3339 decrescit,
479 3257 641 3324 adcrescit
663 3257 766 3322 labor.

87 3366 175 3432 Nam
199 3367 266 3432 iam
289 3368 382 3450 quasi
405 3387 488 3432 zona
509 3367 594 3432 liene
618 3367 746 3432 cinctus
770 3365 919 3448 ambulo;
1173 3385 1225 3439 220

88 3476 245 3542 Geminos
269 3477 303 3540 in
327 3483 443 3541 uentre
467 3475 589 3541 habere
613 3475 729 3541 uideor
753 3473 849 3541 filios.

89 3583 185 3650 Nihil
206 3592 327 3663 metuo,
352 3585 415 3649 nisi
437 3605 478 3649 ne
501 3584 628 3674 medius
652 3585 838 3667 disrumpar
860 3574 967 3650 miser.

546 3744 768 3810 Palinurus

88 3886 130 3898 -
155 3851 192 3918 Si
214 3859 303 3917 recte
326 3852 438 3932 facias,
462 3852 676 3933 Phaedrome,
700 3854 868 3919 auscultes
891 3854 973 3919 mihi

88 3961 199 4044 Atque
221 3961 322 4026 istam
346 3961 502 4027 exturbes
527 3963 697 4027 exanimo
722 3962 973 4045 aegritudinem.

89 4067 208 4148 Panes,
232 4071 399 4154 parasitus
424 4071 590 4152 quianon
613 4070 714 4135 rediit
737 4067 843 4136 Caria.

89 4177 228 4242 Adferre
252 4184 425 4259 argentum
449 4178 564 4260 ored0;
588 4199 663 4244 nam
686 4181 714 4243 si
736 4201 803 4244 non
825 4179 919 4259 ferat,

158 4413 209 4466 215
229 4374 350 4480 Sequere
369 4429 414 4466 me
433 4427 483 4466 om.
530 4409 738 4466 PALINURUS
758 4425 808 4465 om.
