2916 5006
260 465 324 526 482
760 455 887 526 captiui..

262 654 346 714 Ourc.
360 654 430 713 248.
459 651 547 730 Epid.
564 652 639 710 142:
667 651 753 724 „huic
764 647 908 710 homini“.
938 649 1028 710 Poen.
1043 653 1119 710 650:
1145 645 1388 726 „hicueuator“.

261 757 302 815 ib.
329 753 424 814 1261:
452 751 620 828 ,huiusce“,
650 755 674 812 si
702 755 850 832 scripture
872 773 953 813 sana.
998 753 1075 812 Rud.
1100 755 1176 814 937:
1212 754 1279 828 „hic
1301 749 1386 810 rex“.

261 857 341 917 Male
371 856 506 916 Lindem.
536 855 597 915 hac
626 855 788 914 Philocrati
815 855 935 928 tribuit,
971 859 1023 934 qui
1049 855 1098 916 hic
1130 855 1294 933 interloqui
1326 875 1388 914 non

262 957 360 1020 debet.
378 989 421 998 —
445 961 515 1018 335.
539 953 602 1032 hoc,
626 963 660 1016 ut
682 957 846 1016 redimatur
868 957 947 1016 lilius
969 965 1048 1018 tous.
1101 956 1135 1018 in
1150 951 1294 1034 procliui
1315 963 1386 1016 cett.

262 1061 364 1134 codd.;
398 1059 444 1120 Fl.
476 1057 541 1135 „st“
574 1060 677 1120 addit..
723 1059 877 1136 Significat
902 1061 1006 1134 ,facile
1029 1060 1104 1134 est“,
1138 1061 1174 1120 cl.
1199 1061 1267 1120 Ter.
1292 1061 1386 1118 Andr.

263 1167 334 1226 701.
390 1164 427 1222 H.
451 1164 470 1223 l.
500 1169 615 1221 retenta
643 1163 767 1241 propria
794 1165 875 1222 vocis
903 1165 932 1220 ri
959 1169 1021 1222 tam
1050 1163 1136 1223 facile
1166 1163 1301 1222 accidere
1335 1165 1389 1235 ait,
1448 1193 1449 1208 .

261 1287 353 1345 quam
381 1267 476 1325 imber
499 1265 593 1325 cadet.
626 1295 667 1305 -
697 1267 767 1325 336.
792 1262 844 1326 red
864 1267 969 1343 scripsi
992 1287 1056 1324 cum
1080 1266 1125 1326 Fl.
1181 1266 1265 1324 Idem
1291 1259 1386 1338 „hoc“
1448 1251 1449 1254 ¹

264 1369 381 1428 addidit
397 1375 468 1446 post
483 1365 583 1441 ,oro“,
601 1373 635 1425 ut
652 1370 801 1426 vitaretur
817 1368 924 1440 hiatus,
947 1373 997 1446 qui
1015 1375 1085 1427 ante
1104 1389 1212 1428 nomen
1229 1370 1393 1447 proprium

261 1473 333 1530 ferri
354 1491 444 1548 posse
466 1469 595 1528 videtur.
641 1469 690 1528 Br.
718 1471 789 1542 „aed
811 1475 909 1530 tecum
932 1475 985 1529 oro
1008 1467 1092 1530 hoc“.
1116 1501 1160 1512 -
1184 1473 1255 1531 337.
1280 1465 1320 1530 ab
1343 1487 1389 1542 re,

262 1574 343 1652 quod
373 1573 410 1632 ab
441 1593 488 1646 eo,
526 1573 607 1649 quod
635 1572 771 1632 effectum
799 1573 950 1646 volumus,
985 1573 1114 1632 alienum
1143 1579 1202 1646 est,
1237 1573 1275 1632 cf.
1301 1575 1389 1632 Asin.

263 1679 339 1735 222:
377 1676 474 1748 ,haud
497 1681 543 1734 est
565 1676 602 1732 ab
625 1695 657 1732 re
680 1673 833 1752 aucupis“.
883 1675 965 1733 Trin.
990 1677 1065 1734 238:
1100 1675 1156 1749 ,ab
1176 1695 1209 1733 re
1227 1671 1390 1734 consulit“.

262 1778 348 1837 Truc.
369 1779 446 1838 518:
473 1775 570 1852 „haud
594 1777 630 1835 ab
653 1797 685 1834 re
707 1776 764 1835 tibi
786 1779 854 1836 istic
877 1777 1001 1836 obuenit
1022 1775 1139 1836 labos“.
1164 1807 1206 1818 -
1229 1773 1312 1836 scies
1328 1781 1390 1836 iam
1449 1829 1450 1860 ,

261 1883 292 1938 in
311 1879 396 1939 codd.
416 1880 620 1952 emendatum
643 1899 696 1938 nec
721 1880 786 1938 lum
808 1879 956 1938 offendere
979 1879 1076 1953 debet,
1100 1879 1295 1957 quodetiam
1318 1885 1392 1956 post
1449 1865 1450 1888 ¹

266 1979 327 2056 „ei“
352 2002 430 2060 stepo
452 1984 583 2061 ponitur,
607 2001 634 2040 v.
660 1982 697 2040 ed
720 1981 809 2041 Most.
835 1985 905 2042 659.
950 1981 995 2042 Fl.
1023 1982 1170 2056 „Faciam
1199 1982 1271 2041 dum
1294 1983 1333 2041 ab
1356 2001 1390 2040 re

262 2105 299 2146 ne
322 2085 394 2164 quid
417 2105 491 2144 ores.
542 2084 601 2143 TY.
631 2083 782 2156 Ausculta,
811 2081 916 2157 soies“,
950 2091 984 2144 ut
1005 2085 1088 2144 Asin.
1114 2085 1185 2143 347.
1230 2083 1281 2142 Br.
1309 2086 1390 2158 „Au
1450 2111 1451 2114 ¹

263 2187 358 2247 sculta
380 2187 458 2260 dum,
488 2191 522 2245 ut
543 2184 649 2245 aciae“.
677 2215 720 2226 -
754 2187 824 2246 338.
860 2183 1006 2246 donicum
1028 2187 1097 2245 olim
1121 2186 1322 2246 emendatum.
1347 2217 1389 2226 -

265 2293 334 2350 339.
358 2291 394 2349 ut
415 2309 516 2348 versus
539 2309 627 2347 causa
649 2287 747 2346 delevi
770 2309 836 2348 cum
858 2288 990 2349 Bosscha
1012 2289 1147 2365 aliisque,
1171 2289 1221 2346 Br.
1243 2287 1311 2362 „te“
1332 2288 1389 2347 tol·

261 2394 324 2451 lere
346 2393 459 2450 maluit.
488 2421 529 2431 -
558 2385 651 2464 hunc,
681 2391 891 2450 Philocratem.
948 2389 1166 2464 aestumatum,
1195 2393 1296 2468 pretio
1320 2411 1390 2450 con·
1450 2371 1451 2374 Ἴ

264 2496 382 2566 stituto,
416 2513 444 2552 v.
470 2495 539 2552 352.
568 2523 611 2534 —
645 2495 715 2553 340.
746 2489 808 2566 illi,
831 2491 933 2566 Elide,
970 2493 1005 2552 cf.
1037 2495 1107 2552 322.
1139 2522 1175 2533 -
1212 2495 1284 2552 341.
1315 2508 1388 2553 cort-

263 2593 370 2656 rreniut
392 2596 462 2654 olim
484 2595 680 2654 emendatum.
699 2625 741 2636 -
766 2597 836 2654 343.
859 2590 940 2656 nihil
963 2596 1018 2670 est,
1042 2596 1116 2654 nihil
1133 2595 1280 2672 proderit,
1305 2617 1333 2654 v.
1352 2595 1390 2654 ad

263 2701 347 2758 Asin.
372 2699 443 2756 424.
473 2727 515 2737 -
543 2713 668 2774 operam
691 2693 819 2771 luseris,
853 2699 873 2758 i.
898 2719 923 2758 e.
946 2697 1128 2775 perdideris,
1162 2699 1198 2756 ol.
1224 2697 1291 2756 Cas.
1316 2701 1388 2757 401.

263 2795 376 2860 Pseud.¹
401 2802 471 2860 369.
523 2799 589 2860 Ter.
621 2799 740 2859 Phorm.
766 2801 836 2860 332.
868 2829 910 2840 -
944 2803 1015 2860 344.
1050 2815 1138 2861 omne
1167 2819 1270 2858 versus
1300 2819 1391 2858 musa

264 2907 448 2981 transposuit
469 2903 557 2961 Both.
616 2901 806 2962 transactum
834 2899 957 2976 reddet,
993 2903 1028 2962 cf.
1057 2905 1140 2963 Asin.
1168 2905 1243 2976 121,
1280 2903 1318 2962 al.
1341 2923 1387 2980 sp.

265 3005 313 3066 Br.
339 3035 378 3046 ·-
410 3006 479 3064 346.
509 3021 547 3064 et
568 3001 735 3078 sententia,
764 3009 882 3080 gratus,
911 3004 948 3063 cf.
972 3004 1053 3064 Pers.
1080 3007 1132 3064 18:
1171 3004 1294 3077 ,Satine
1318 3023 1390 3079 ergo

266 3130 302 3168 ex
324 3103 511 3167 sententia?“
559 3105 628 3166 Ter.
651 3107 770 3166 Phorm.
796 3109 867 3166 256.
892 3107 929 3165 al.
952 3137 995 3146 -
1020 3109 1090 3166 348.
1118 3100 1236 3184 periclo
1260 3106 1388 3166 scriben-

266 3211 335 3270 dum
358 3209 486 3283 videtur,
511 3215 543 3268 ut
565 3210 642 3268 solet
663 3209 787 3268 Plautus
809 3210 840 3267 in
862 3209 969 3268 mediis
991 3209 1136 3284 versibus,
1160 3229 1187 3268 v.
1213 3210 1389 3288 Kampman.

265 3335 290 3372 r.
313 3314 399 3372 milit.
424 3313 468 3371 Pl.
491 3333 521 3390 p.
546 3315 582 3371 21
608 3332 688 3390 eqq.,
719 3331 784 3370 cum
806 3311 892 3370 hiatu
914 3313 946 3370 in
968 3311 1085 3371 dieresi
1106 3311 1257 3389 legitimo,
1288 3331 1389 3388 quum·

267 3435 355 3493 quam
378 3414 491 3476 Bitsch.
519 3411 708 3494 „periculod“
740 3435 806 3488 scr,
840 3413 887 3474 1²1.
910 3413 959 3474 Br.
988 3432 1061 3490 „ego
1097 3412 1217 3473 huius“.
1246 3443 1291 3454 -
1323 3409 1391 3472 uice

267 3517 381 3576 librarii
405 3519 499 3575 errori
522 3517 633 3591 deberi,
658 3517 729 3576 olim
751 3516 934 3575 intellectum
959 3523 1012 3577 eat.
1031 3547 1074 3558 -
1092 3519 1163 3576 349.
1188 3511 1255 3589 stt't,
1279 3515 1390 3594 produ·

268 3623 354 3692 citur,
377 3639 404 3678 v.
428 3619 565 3698 Prolegg.
589 3643 618 3699 p.
646 3623 713 3680 196.
737 3649 780 3659 -
810 3617 881 3679 350.
913 3616 1016 3680 istunc
1037 3639 1139 3678 versus
1162 3639 1255 3677 causa
1278 3617 1389 3678 Gamer.

271 3751 308 3763 -
335 3723 406 3781 351.
433 3715 530 3798 Quam
553 3719 719 3794 citiarume,
742 3741 769 3781 v.
788 3721 904 3780 adAul.
919 3724 990 3782 229.
1009 3752 1051 3761 —
1073 3717 1179 3780 cedere
1201 3717 1244 3780 ad
1264 3715 1389 3796 sactum,

271 3824 308 3884 ed
331 3823 466 3883 effectum
487 3825 620 3902 perduci,
644 3828 669 3884 si
690 3844 761 3882 vera
784 3825 941 3901 scriptura.
991 3823 1144 3900 Madvigio
1171 3823 1227 3896 ,ad
1251 3819 1386 3900 pactum“

268 3928 299 3985 in
322 3932 450 3985 mentem
472 3930 564 3986 venit.
587 3957 629 3968 -
654 3929 723 3986 352.
749 3921 837 3985 Num
860 3941 939 4002 quae
962 3941 1057 3986 cauta
1079 3927 1141 3998 est,
1165 3925 1202 3984 cl.
1226 3925 1295 3984 Aul.
1319 3925 1390 3982 254.

269 4029 403 4107 Utroque
424 4029 491 4089 loco
515 4030 636 4105 opium
664 4013 850 4106 scripsimus,
880 4034 914 4088 ut
941 4028 970 4087 h.
993 4028 1013 4087 l.
1038 4027 1114 4086 dett.
1138 4025 1224 4086 codd.
1269 4025 1389 4085 Namsi

269 4134 415 4190 retinetur
447 4131 557 4191 codicia
587 4132 609 4189 B
638 4133 788 4209 scriptura
823 4127 984 4209 „optima“,
1014 4149 1133 4190 necesse
1166 4135 1213 4188 cat
1252 4127 1390 4186 audiatur

269 4253 328 4292 non
350 4233 395 4307 id,
425 4233 506 4311 quod
534 4233 692 4311 praecedit,
724 4233 774 4291 sed
798 4233 994 4305 contrarium,
1029 4231 1057 4292 h.
1081 4233 1101 4291 l.
1134 4231 1245 4306 „Immo
1268 4237 1388 4308 optuma

270 4341 442 4408 causaest,
478 4355 529 4394 cur
553 4333 649 4409 dem“,
679 4335 747 4394 Aul.
772 4335 834 4394 254
871 4335 981 4410 „Immo
1004 4336 1119 4412 optima
1141 4340 1310 4406 causaest,
1339 4349 1388 4389 cur
