2922 5006
246 523 308 585 200
761 517 855 573 Plauti
1209 517 1371 586 v‚1.1-1r

245 792 389 858 HEGIO.
410 791 751 859 PHILOPOLEMUS.
775 792 1080 860 PHILOGRATES.
1105 793 1370 860 STALAGMUS.

745 965 870 1046 Hegio

245 1071 317 1138 Ioui
341 1072 455 1155 disque
480 1093 540 1156 ago
562 1073 688 1155 gratias
710 1073 827 1137 merito
850 1093 994 1155 magnas,

247 1179 354 1258 Quom
377 1187 410 1246 to
432 1180 608 1246 redducem
631 1187 689 1246 tuo
713 1181 800 1264 patri
823 1181 1038 1247 reddiderunt

247 1289 419 1372 Quomque
442 1311 482 1354 ex
506 1289 643 1354 miseriis
666 1289 825 1372 plurumis
848 1311 899 1354 me
923 1296 1119 1357 exemerunt.

247 1395 346 1476 Quas,
370 1397 448 1462 dum
469 1405 502 1462 te
526 1396 702 1462 carendum
725 1397 779 1462 hic
800 1397 872 1474 fuit,
896 1397 1130 1476 sustentabam‚
1322 1413 1376 1467 920

248 1503 432 1588 [Quomque
455 1505 542 1569 hunc
566 1505 729 1589 conspicio
752 1505 787 1570 in
809 1511 972 1588 potestate
995 1503 1124 1588 nostra]

247 1612 417 1696 Quomque
440 1612 537 1678 huius
560 1621 723 1697 repertast
744 1611 825 1678 fides
848 1613 941 1678 firma
963 1613 1067 1679 nobis.

654 1743 958 1828 Philopolemus

246 1852 336 1920 Satis
366 1854 430 1919 iam
462 1850 552 1918 dolui
579 1872 620 1917 ex
647 1852 756 1918 animo
783 1859 817 1918 et
846 1874 925 1919 cura
951 1873 1002 1917 me
1037 1853 1116 1918 satis
1149 1859 1183 1918 et
1215 1851 1376 1917 lacrumis

960 1961 1139 2041 maceraui3
1168 1960 1171 1966 ’

246 2068 334 2136 Satis
367 2070 432 2134 iam
466 2067 579 2134 audiui
612 2074 687 2134 tuas
720 2087 906 2148 aerumnas,
940 2069 982 2134 ad
1017 2077 1149 2154 portum
1178 2067 1259 2134 mihi
1289 2089 1377 2151 quas

961 2179 1165 2257 memorasti3
1199 2213 1201 2216 ·

246 2285 317 2352 Hoc
341 2306 486 2368 agamus.

681 2391 941 2458 Philocrates

452 2499 656 2579 Quidnam,
681 2501 833 2585 quoniam
856 2501 965 2568 tecum
988 2503 1120 2567 seruaui
1143 2501 1241 2567 fidem
1323 2520 1379 2574 925

247 2609 387 2694 Tibique
409 2607 495 2674 hunc
517 2608 669 2674 reducem
692 2611 726 2673 in
748 2607 936 2676 libertatem
957 2609 1043 2676 feci?

746 2739 875 2824 Hegio

1075 2847 1197 2914 Fecisti
1219 2855 1256 2913 ut
1279 2847 1357 2931 tibi,

249 2956 463 3034 Philocrates,
487 2975 664 3039 numquam
686 2955 809 3020 referre
831 2956 972 3039 gratiam
995 2956 1118 3040 possim
1142 2957 1231 3036 satis,

248 3063 391 3132 Proinde
413 3072 451 3130 ut
472 3071 507 3129 tu
530 3063 755 3149 promeritus’s
777 3062 817 3128 de
840 3085 891 3129 me
914 3074 947 3128 et
968 3063 1044 3130 filio.

662 3193 961 3279 Philopolemus

1104 3302 1207 3368 Immo
1230 3308 1340 3386 potes,

247 3411 355 3477 Pater.
412 3409 455 3474 Et
488 3410 610 3494 poteris
645 3417 677 3476 et
706 3407 780 3495 ego'
796 3418 910 3495 potero
943 3417 976 3476 et
1005 3411 1038 3474 di
1067 3431 1139 3476 eam
1173 3417 1379 3494 potestatem

962 3520 1096 3600 dabunt,

248 3625 294 3692 Ut
316 3623 509 3690 beneficium
531 3625 614 3691 bene
637 3627 775 3692 merenti
797 3634 910 3693 nostro
935 3630 1051 3693 merito
1073 3648 1235 3708 muneror,
1326 3647 1383 3700 930

248 3735 301 3802 Sic
325 3741 362 3800 ut
384 3741 420 3798 tu
443 3732 520 3797 huic
542 3743 644 3816 potes,
668 3741 763 3817 pater
784 3737 838 3815 mi,
862 3734 968 3802 facere
991 3737 1107 3802 merito
1130 3757 1291 3802 maxume.

748 3842 875 3926 Hegio

249 3951 334 4028 Quid
346 3957 443 4035 opust
454 3947 585 4015 uerbis?
607 3949 721 4032 lingua
731 3951 865 4033 nullast,
883 3973 948 4036 qua
959 3975 1082 4036 negem,
1094 3951 1255 4035 quidquid
1265 3975 1380 4038 roges.

317 4229 368 4282 918
386 4226 516 4281 reducem
600 4228 651 4281 920
670 4227 743 4295 Quae
761 4229 798 4282 ad
816 4229 871 4284 huc
889 4235 918 4284 te
937 4247 1034 4284 carens
1054 4231 1121 4284 dum
1139 4229 1184 4284 hic
1202 4228 1243 4284 fui
1326 4233 1380 4286 922

248 4311 365 4382 Quomq.
386 4312 447 4365 haeo
467 4317 577 4380 reperta
596 4317 639 4366 est
691 4315 896 4369 aasumensi
916 4316 970 4369 hoc
1024 4317 1074 4369 928
1094 4316 1265 4384 promeritus
1325 4319 1383 4372 930

247 4415 377 4452 muneres
