2928 5010
264 510 304 572 86
780 503 872 557 Plauti
1157 501 1208 568 111,
1217 503 1240 570 2,
1252 502 1364 568 17-3,11

264 694 385 774 Iustus,
407 694 559 772 iniustus,
582 693 755 776 malignus,
778 693 898 775 largus,
922 694 1030 758 comis.
1055 691 1288 756 inoommodus.

265 800 353 867 (leue
377 804 433 880 sis,
457 811 490 868 te
513 822 668 886 superare
691 823 820 867 seruom
844 803 920 866 siris
942 799 1097 864 faciundo
1121 799 1214 866 bene.

265 909 432 988 Ututeris,
451 929 576 988 moneo,
594 909 682 974 haud
696 909 826 974 celabis.
863 908 927 974 Sed
939 928 1031 973 eccos
1049 907 1146 974 uideo
1165 909 1310 975 incedere
1330 927 1369 978 400

263 1019 393 1084 Patrem
418 1017 542 1084 sodalis
564 1025 597 1084 et
619 1019 828 1099 magistrum
862 1017 937 1080 hino
961 1014 1168 1092 auscultabo,
1199 1038 1294 1100 quam
1314 1039 1369 1082 ren

982 1131 1091 1206 agant

405 1465 541 1532 LYDUS
571 1465 744 1532 SERUOS.
795 1464 1072 1531 PHILOXENUS
1101 1465 1251 1531 SENEX.

517 1583 819 1651 MNESlLOGHUS
848 1585 1136 1650 ADULESCENS.

761 1739 894 1824 Lydus

266 1847 362 1913 Nunc
385 1851 544 1932 experiar,
570 1850 653 1914 sitne
677 1855 806 1914 acetum
830 1849 891 1912 tibi
914 1857 965 1912 ter
988 1867 1060 1912 acre
1085 1849 1117 1912 in
1142 1856 1283 1932 pectore.

266 1955 418 2040 Sequere.

703 2064 952 2129 Philoxenus

395 2171 465 2249 Quo
489 2175 631 2256 sequar?
656 2195 719 2256 quo
744 2172 835 2238 ducis
858 2193 944 2236 nunc
968 2173 1040 2236 rue?

767 2325 894 2409 Lydus

998 2433 1047 2497 Ad
1071 2433 1170 2510 illam,
1194 2453 1275 2514 qnae
1296 2439 1374 2496 tuum

267 2541 424 2620 Perdidit,
449 2561 578 2624 pessum
603 2541 693 2606 dedit
716 2541 777 2606 tibi
800 2541 901 2606 filiurn
926 2543 1017 2606 unire
1040 2541 1181 2605 unicum.

705 2695 956 2760 Philoxenus

268 2801 338 2881 Eia,
363 2801 468 2886 Lyde;
492 2801 610 2867 leniter
633 2805 688 2884 qui
712 2805 872 2880 saeuiunt,
902 2805 1036 2886 sepiunt
1059 2803 1171 2884 magis.
1337 2813 1377 2864 400

267 2909 376 2974 Minus
401 2910 627 2990 mirandumst,
650 2911 744 2976 illaec
769 2921 862 2976 aetus
887 2912 914 2975 si
938 2911 1017 2994 quid
1041 2909 1172 2974 illorum
1195 2911 1282 2980 feeit,

271 3016 377 3095 Quam
401 3020 514 3084 sinon
538 3019 653 3098 faeiat;
676 3017 738 3084 feci
762 3039 820 3100 ego
845 3019 948 3082 istaec
973 3019 1086 3081 itidem
1110 3019 1143 3081 in
1162 3017 1378 3082 adulescentia.

766 3173 899 3255 Lydus

269 3282 310 3346 Ei
333 3283 422 3360 mihi,
446 3283 477 3347 ei
499 3281 589 3361 mihi,
612 3283 715 3348 istaec
737 3281 830 3345 illum
853 3280 996 3363 perdidit
1020 3279 1222 3349 adsentatio;

269 3389 353 3454 Nem
376 3389 501 3473 absque
523 3397 556 3455 te
579 3397 679 3468 esset,
709 3411 768 3470 ego
797 3389 889 3454 illurn
911 3389 1069 3454 haberem
1090 3395 1219 3453 rectum
1241 3387 1283 3450 ed
1304 3387 1380 3466 inge·

989 3497 1078 3560 nium
1101 3495 1240 3575 bonum3

270 3603 365 3669 Nune
387 3611 522 3688 propter
544 3613 576 3670 te
599 3613 756 3688 tuamque
780 3625 900 3687 prauos
924 3603 1031 3668 faetus
1054 3609 1104 3668 est
1127 3603 1279 3670 fiduciam
1339 3615 1381 3666 410

271 3711 485 3778 Pistoclerus.

698 3819 976 3886 Mnesilochus

533 3929 573 3993 Di
595 3928 793 4006 inmortales,
818 3950 925 3993 meum
950 3929 1097 3993 sodalem
1121 3929 1174 3993 hio
1198 3928 1347 3993 nominet.

273 4035 360 4113 Quid
381 4037 444 4102 hoo
466 4037 618 4120 negotist,
641 4037 856 4101 Pistoclerum
873 4036 982 4120 Lydus
1001 4037 1088 4120 quod
1106 4058 1199 4101 erum
1221 4045 1288 4100 tarn
1309 4031 1380 4096 oiet't

343 4292 394 4344 398
412 4292 642 4346 cominoomodus
659 4292 696 4358 B,
714 4292 877 4346 commodus
896 4291 1090 4346 incommodus
1111 4291 1134 4346 0
1239 4291 1288 4344 899
1305 4297 1379 4339 serum

274 4377 326 4428 400
344 4393 431 4444 equos
448 4377 476 4432 Β
543 4380 594 4432 402
612 4378 664 4432 tibi
682 4395 733 4432 cor
750 4394 814 4430 acre
883 4379 934 4430 404
952 4379 1001 4430 nni
