2922 5006
575 511 694 581 Captiui.

366 829 601 898 PARASITUS
645 828 892 896 ERGASILUS.

79 1001 214 1086 Iuppiter
236 1023 397 1088 supreme,
420 1023 533 1070 seruas
556 1024 607 1068 me
629 1021 784 1084 measque
807 1022 907 1084 auges
932 1023 1025 1086 opes3

80 1109 238 1176 Maxumas
262 1111 451 1194 opimitates
474 1113 692 1196 opiparasque
715 1107 813 1176 offers
835 1109 924 1191 mihi,

80 1217 221 1298 Laudem,
245 1219 383 1298 lucrum,
406 1219 528 1298 ludum,
552 1221 667 1296 iocum,
691 1217 915 1298 sestiuitatem,
937 1216 1046 1294 ferias,

78 1324 233 1410 Pompam,
256 1347 385 1411 penum,
408 1327 607 1411 potationes,
630 1327 847 1404 saturitatem,
871 1325 1035 1408 gaudium,
1142 1344 1192 1396 765

77 1431 138 1498 Nec
158 1435 334 1518 quoiquam
355 1435 479 1502 homini
503 1435 691 1518 supplicare
719 1454 805 1499 nunc
829 1436 891 1498 ium
914 1441 1073 1499 certumst
1095 1435 1191 1516 mihi;

77 1540 151 1606 Nam
172 1543 225 1608 uel
248 1543 403 1626 prodesse
426 1545 530 1610 amico
552 1564 686 1629 possum
709 1542 764 1607 uel
785 1543 953 1606 inimicum
976 1541 1131 1625 perderc;

77 1648 123 1714 Ita
142 1649 192 1716 hio
214 1672 265 1716 me
289 1653 488 1718 amoenitate
511 1671 649 1718 amoena
671 1670 826 1716 amoenus
849 1650 1000 1714 ouerauit
1023 1651 1100 1715 dies.

78 1755 146 1822 Sine
166 1760 267 1824 sacris
289 1759 509 1826 hereditatem
532 1781 604 1825 sum
627 1767 723 1844 aptus
747 1756 1016 1824 ecfertissumam.

77 1865 161 1932 Nunc
194 1868 234 1933 ad
270 1889 379 1934 senem
409 1889 540 1934 cursum
570 1889 741 1952 capessam
770 1867 856 1932 huno
887 1865 1080 1948 Hegionem,
1116 1867 1193 1948 quoi

785 1975 861 2040 bom
1142 1992 1193 2042 uo

76 2081 207 2149 Tantum
230 2083 359 2164 adfer0,
393 2090 550 2168 quantum
580 2087 674 2169 ipsus
702 2105 723 2149 a
750 2083 800 2148 dis
825 2088 933 2166 optat,
969 2087 1070 2165 atque
1093 2083 1192 2148 etiam

784 2190 934 2275 amplius.

77 2297 161 2362 Nunc
183 2305 271 2364 certa
293 2321 348 2365 res
371 2307 432 2381 est,
455 2301 569 2366 eodem
592 2307 690 2384 pacto
714 2304 752 2364 ut
775 2299 891 2363 comici
914 2300 1002 2362 serui
1026 2297 1140 2364 solent.

77 2402 233 2472 (leniciam
245 2409 280 2472 in
292 2407 413 2474 collum
424 2409 571 2494 pallium,
595 2409 699 2492 primo
717 2427 757 2472 ex
774 2427 825 2471 me
837 2407 922 2471 hene
934 2427 1003 2471 rem
1016 2413 1053 2472 ut
1065 2407 1191 2488 audiat,

78 2513 233 2598 Speroque
255 2537 308 2581 me
331 2517 373 2583 ob
395 2516 481 2582 hunc
503 2519 654 2582 nuntium
673 2523 842 2580 aeternum
861 2516 1057 2598 adepturum
1074 2514 1190 2580 cibum.

414 2895 564 2962 SENEX.
608 2894 852 2962 PARASITUS.

568 3067 694 3150 Hegio

78 3188 198 3266 Quanto
222 3195 254 3256 in
278 3199 410 3277 pectore
432 3191 516 3258 hanc
538 3215 606 3258 rem
630 3211 701 3256 meo
725 3191 828 3273 magis
853 3189 976 3256 uoluto.
1143 3208 1193 3259 775

77 3297 173 3366 Tanto
196 3301 275 3366 mihi
299 3301 471 3384 aegritudo
495 3301 625 3366 auctior
649 3301 756 3364 estin
779 3299 898 3377 animo,

77 3407 122 3472 Ad
141 3409 233 3474 illum
256 3409 388 3474 modum
412 3409 568 3474 sublitum
592 3429 626 3473 os
650 3429 722 3474 esse
744 3405 842 3472 hodie
868 3405 956 3486 mihi,

77 3512 181 3600 Neque
202 3519 237 3582 id
259 3519 445 3602 perspicere
468 3519 568 3599 quiui.

79 3620 162 3698 Quod
185 3647 283 3708 quom
306 3625 452 3706 scibitur,
477 3631 542 3690 tam
564 3647 623 3709 per
645 3625 760 3690 urbem
782 3623 960 3689 inridebor.

78 3726 174 3806 Quom
197 3733 360 3818 extemplo
383 3733 427 3799 ad
449 3733 558 3800 forum
580 3734 756 3812 aduenero,
781 3753 892 3796 omnes
914 3733 1106 3814 loquentur:
1144 3750 1195 3801 780

79 3837 152 3916 „Hic
172 3841 259 3907 illest
282 3863 380 3907 senex
404 3841 532 3921 doctus,
556 3843 633 3927 quoi
656 3841 760 3907 uerba
783 3839 863 3905 data
885 3841 991 3905 sunt“.

78 3943 135 4012 Sed
156 3949 325 4034 Ergasilus
349 3957 439 4016 estne
462 3949 526 4030 hio,
550 3949 664 4034 procul
688 3971 785 4032 quem
807 3947 925 4014 uideo?

79 4051 220 4124 Conlecto
244 4057 411 4141 quidemst
432 4057 550 4143 palli03
574 4059 730 4142 quidnam
754 4057 925 4122 acturust?

83 4210 296 4224 ¹·-—-a·-..-..--u

139 4311 259 4368 76611111
278 4329 327 4369 om.
373 4315 424 4368 768
443 4313 571 4368 ouerauit
589 4311 665 4366 mihi.
715 4313 764 4367 771
784 4313 844 4384 ipse
894 4313 1013 4366 777-78
1032 4327 1084 4366 unc
1103 4327 1193 4366 uersu.

79 4392 124 4444 777
140 4399 258 4452 subitum
310 4400 362 4454 779
379 4398 459 4468 Quod
478 4399 660 4454 comacibitur
677 4415 728 4467 per
780 4401 828 4454 781
849 4399 948 4453 ductus
967 4413 1021 4466 quo
