2956 5010
267 451 328 512 502
770 443 889 514 Geptini.

264 647 388 718 propter
410 641 550 698 virtutem
572 647 691 716 pereat,
727 659 788 698 non
810 643 924 715 perire,
955 639 1008 696 sed
1031 639 1202 696 memoriam
1225 637 1287 694 eius
1309 634 1385 711 apud

264 751 402 820 posteros
425 761 554 800 manere.
609 741 745 818 Apparet
766 737 876 818 perire
904 747 934 800 et
962 737 1090 800 interire
1111 739 1190 797 idem
1212 735 1385 813 significare,

265 846 301 902 cf.
332 845 420 904 Most.
453 845 563 904 1016:
587 844 694 920 „perii,
728 840 858 902 interii“.
911 843 1031 902 Trucul.
1061 843 1121 900 695
1158 839 1223 917 (qui
1253 861 1289 898 ex
1315 839 1344 898 h.
1367 840 1386 896 l.

266 947 438 1006 emendatus
462 943 535 1020 est):
563 945 686 1018 „Seluos
709 967 782 1018 sum,
808 949 878 1024 quie
900 966 1006 1024 pereo;
1031 947 1057 1004 si
1073 965 1133 1003 non
1149 963 1279 1020 perenm,
1303 943 1388 1018 plene

266 1045 462 1109 interierim“.
507 1049 616 1106 Parum
638 1047 765 1107 feliciter
787 1047 900 1108 Nonius
923 1069 953 1126 p.
967 1050 1044 1106 422:
1071 1047 1192 1121 „Perire
1216 1053 1246 1104 et
1266 1047 1387 1104 interire

266 1153 425 1229 plurimum
449 1151 622 1208 differentius
646 1149 773 1224 hebent,
797 1151 877 1228 quod
896 1154 994 1228 perire
1011 1151 1106 1209 levior
1122 1169 1170 1207 res
1192 1155 1237 1206 est
1255 1155 1284 1206 et
1300 1147 1386 1204 habet

267 1255 447 1313 inventionis
477 1273 560 1329 spem
589 1257 619 1310 et
649 1273 708 1310 non
738 1255 867 1312 omnium
891 1273 990 1312 rerum
1012 1249 1132 1312 finem“.
1185 1251 1269 1324 Quod
1292 1255 1386 1308 sutem
1463 1275 1464 1314 ῑ

269 1363 300 1414 se
322 1359 348 1413 u
371 1359 401 1413 in
425 1356 454 1413 ι.
478 1375 504 1413 v.
529 1354 733 1413 laudantest
761 1356 845 1414 ceu.
870 1355 1001 1414 Plautini
1023 1351 1143 1431 perstat
1163 1354 1288 1424 habent,
1317 1352 1387 1410 suu
1463 1335 1464 1372 ³

210 1511 215 1520 .
269 1465 315 1517 est
348 1462 406 1517 nisi
437 1459 566 1534 entiqnae
595 1458 772 1534 corruptelae
807 1461 1025 1530 testimoninm
1059 1456 1192 1534 Scaliger
1223 1455 1383 1532 „perbitst'

268 1561 401 1633 eenieeit,
425 1559 476 1618 sed
499 1561 680 1619 coniunctivi
702 1559 785 1618 nulle
807 1563 883 1619 retio
907 1569 965 1634 est,
996 1579 1175 1638 quemquem
1199 1561 1285 1617 etiem
1309 1557 1384 1615 Brix„

271 1661 443 1740 ,perierit“.
487 1663 631 1737 Alsietus,
655 1684 743 1740 quern
765 1663 909 1741 Geppert.
933 1666 1084 1740 sequitur:
1124 1662 1200 1736 ,Qui
1222 1681 1277 1739 per
1299 1661 1385 1718 uirtu-

269 1769 329 1822 tem
351 1765 450 1842 periit,
474 1767 499 1823 ie
522 1785 582 1824 non
605 1761 738 1840 interit“,
762 1765 897 1826 Lindem.
921 1769 1038 1844 ,periit
1062 1772 1094 1824 et
1116 1763 1205 1838 n0n“,
1224 1763 1269 1822 Fl.
1285 1763 1384 1840 ,perit

269 1873 300 1926 st
316 1885 376 1925 non
387 1862 443 1940 ie“,
467 1866 571 1926 Gertz:
598 1869 673 1942 „Qui
692 1887 748 1946 per
765 1869 907 1928 uirtutem
925 1871 1012 1946 perit,
1031 1870 1119 1946 perit,
1141 1874 1172 1926 et
1183 1887 1243 1925 non
1254 1861 1384 1934 interit“;
1464 1859 1465 1906 i

269 1989 373 2028 verum
399 1967 466 2042 ,st“
492 1991 552 2030 non
575 1973 616 2030 sic
640 1973 759 2031 dicitur.
804 1971 868 2048 Ego
892 1973 950 2030 iem
973 1973 1004 2028 in
1026 1972 1127 2046 priore
1149 1971 1280 2029 editione
1303 1961 1387 2027 admit

270 2074 384 2151 scripsi,
409 2072 445 2132 ci.
469 2073 536 2132 Ter.
560 2074 654 2134 Andr.
680 2076 756 2134 805:
794 2074 859 2146 ,Sic
881 2081 915 2131 ut
938 2076 1066 2150 quimus,
1091 2075 1189 2146 aiunt,
1220 2071 1334 2149 quando
1356 2079 1386 2128 nt

269 2177 407 2235 uolumus
429 2195 487 2234 non
510 2173 611 2234 liuet“.
659 2176 777 2236 Phorm.
801 2179 878 2234 419:
913 2177 1047 2248 ,Aetnm,
1071 2179 1164 2247 siunt,
1189 2195 1226 2232 ne
1249 2191 1326 2248 eges.
1348 2201 1386 2211 -

272 2280 331 2337 685
362 2273 540 2338 Μείαιιθνο
561 2278 607 2337 Fl.
631 2285 727 2337 metro
754 2279 890 2352 iubente,
930 2279 967 2336 cf.
991 2277 1095 2338 Bacch.
1123 2279 1213 2337 1089.
1248 2309 1289 2318 -
1320 2277 1384 2336 686.

275 2375 438 2450 „Sattiae“
476 2383 518 2439 eit
548 2380 654 2440 Festus
687 2400 716 2457 p.
743 2383 802 2441 310
840 2381 968 2454 ,dolose
1001 2384 1118 2440 estutiae
1152 2401 1169 2438 u
1202 2379 1385 2438 similitudine
1465 2443 1466 2462 χ

270 2487 420 2542 suentium
450 2483 537 2541 dictae
559 2480 658 2544 sunt“.
714 2483 757 2544 cf.
782 2484 879 2543 Oasin.
905 2485 963 2556 95;
996 2483 1105 2559 Amph.
1130 2484 1207 2542 362:
1245 2485 1382 2554 „consutis

270 2583 375 2644 dolis“.
400 2615 442 2625 -
469 2584 571 2645 morti.
616 2586 666 2646 Br.
690 2587 805 2646 confert
828 2587 1015 2643 Homericum
1044 2586 1119 2643 illud
1147 2587 1212 2643 Ὰῒδι
1235 2587 1383 2662 προιάπτειι

271 2693 301 2746 et
323 2687 394 2746 Hor.
418 2687 479 2747 Set.
504 2688 547 2760 Π,
579 2693 612 2762 5,
641 2691 695 2747 49:
736 2691 778 2762 ,si
808 2693 874 2766 quis
902 2708 985 2746 cneus
1008 2708 1132 2766 puerum
1162 2690 1257 2762 egerit
1285 2683 1380 2745 Orco‘.

270 2790 359 2865 verg.
389 2791 458 2849 AEn.
489 2789 532 2863 11,
564 2793 617 2850 85:
655 2791 831 2866 ,demittere
862 2789 956 2850 neci“.
1005 2789 1039 2861 V,
1070 2793 1145 2850 691:
1184 2785 1318 2862 ,morti“.
1347 2817 1381 2826 -

272 2895 343 2952 688.
381 2892 491 2966 „Modo
527 2912 645 2969 pereas,
686 2914 744 2970 qno
783 2895 901 2952 nomine
938 2893 992 2951 hoc
1026 2892 1173 2970 appelles,
1213 2913 1273 2951 non
1304 2909 1380 2959 eure3

270 3017 325 3074 per
363 3015 411 3054 me
445 2996 494 3054 vel
528 2997 627 3054 vivere
667 3001 697 3054 te
737 2994 867 3055 dicent“.
933 2991 1087 3054 interdico
1125 2995 1211 3054 eodd.
1246 3001 1381 3069 corrupte.

274 3097 448 3174 „interdno“
485 3097 650 3157 Gulielmus
684 3097 813 3170 emend,
849 3099 885 3156 ef.
917 3097 993 3156 Rud.
1026 3100 1100 3157 58οε
1149 3097 1260 3168 ,Eluas
1291 3103 1322 3156 tu
1350 3117 1382 3153 sn

272 3221 437 3278 exungere,
467 3203 577 3260 ciocum
599 3220 658 3259 non
681 3199 874 3259 interduim“.
936 3200 1018 3258 Trin.
1043 3201 1119 3258 994:
1160 3203 1230 3278 ,qui
1258 3203 1310 3272 sis,
1339 3199 1383 3274 qui

271 3325 331 3363 non
364 3307 419 3376 sis,
453 3302 575 3362 floccum
610 3323 668 3362 non
702 3301 894 3362 interdnim“.
958 3301 1016 3361 Sed
1048 3323 1068 3360 u
1101 3305 1160 3361 nisi
1195 3304 1226 3360 in
1261 3304 1383 3362 coniunc-

271 3412 335 3466 tivo
357 3407 501 3464 rationem
523 3425 581 3463 non
604 3405 707 3476 hebet,
743 3425 835 3482 quere
858 3407 1025 3464 necessario
1048 3401 1171 3464 inierdo
1199 3405 1384 3472 scribendum,

272 3508 447 3581 nechabet,
471 3527 530 3585 quo
553 3527 584 3566 se
608 3507 749 3566 defendet
767 3507 963 3566 Fleckeisenii
987 3512 1072 3578 coni,
1095 3528 1184 3585 quem
1208 3511 1322 3586 recepit
1342 3505 1385 3564 Br.

277 3611 368 3684 „nihil
385 3609 534 3681 interduo,
558 3605 669 3669 sient“.
685 3641 726 3650 —
745 3612 815 3670 689.
840 3607 931 3682 istut,
954 3617 989 3669 ut
1007 3611 1043 3668 ed
1061 3617 1189 3668 mertem
1208 3629 1255 3669 me
1274 3612 1385 3669 crucies.

273 3743 315 3754 -
339 3715 408 3771 690.
433 3711 638 3789 Corruptelsm
659 3713 774 3771 numeri
797 3719 934 3787 arguunt.
977 3711 1049 3772 Ood.
1071 3713 1143 3772 Brit.
1166 3717 1228 3785 ,sio
1250 3708 1385 3772 confide‘.

272 3815 382 3874 Melius
407 3815 458 3872 elii
482 3815 614 3892 antiqui:
638 3807 675 3874 Si
696 3809 750 3874 ille
771 3809 959 3874 haereditet
982 3813 1028 3889 (ut
1049 3835 1077 3873 ι.
1101 3811 1178 3892 741)
1201 3813 1248 3876 sic
1269 3817 1305 3875 ut
1324 3829 1387 3875 ton·

272 3913 337 3994 fido
360 3913 480 3993 adfore,
504 3937 542 3974 sc.
564 3936 640 3975 eum.
664 3946 706 3956 -
730 3919 801 3976 692.
828 3912 913 3994 Quid
933 3913 989 3977 hoc
1009 3913 1051 3976 sit
1071 3915 1174 3994 nepoti
1195 3919 1245 3978 Br.
1271 3939 1334 3989 em,
1355 3916 1388 3974 ci.

273 4019 353 4079 Men.
379 4021 438 4078 377
463 4025 493 4075 et
517 4021 594 4093 518,
624 4017 708 4096 prob.
732 4019 852 4078 Mdlier.
876 4019 958 4078 Pros.
987 4041 1017 4098 p.
1043 4021 1113 4080 324.
1158 4020 1204 4078 Fl.
1229 4021 1275 4079 ed.
1301 4017 1388 4092 ,Quid

273 4123 328 4182 hec
351 4119 511 4195 negotist“,
535 4121 620 4199 prob.
640 4119 800 4180 Fuhrmen.
820 4123 925 4182 Annel.
944 4121 1016 4199 phil.
1035 4121 1093 4194 CV,
1116 4143 1146 4200 p.
1166 4124 1237 4181 816.
1262 4151 1299 4162 ·-
1324 4121 1386 4179 693.

274 4221 329 4297 ad,
353 4225 372 4283 i.
397 4245 421 4283 e.
447 4223 540 4301 apud,
572 4224 607 4282 cs.
632 4243 659 4281 v.
684 4225 734 4282 49.
757 4255 799 4264 -
829 4226 899 4284 694.
935 4219 1018 4283 alius
1041 4223 1085 4282 Fl.
1109 4223 1233 4297 eddidit,
1257 4231 1287 4282 et
1308 4239 1386 4280 versu

274 4335 304 4384 st
332 4346 419 4384 sensu
447 4327 617 4403 postulante
646 4332 698 4384 eut
725 4326 781 4385 hoc
809 4332 861 4385 sut
890 4327 984 4385 simile
1013 4326 1094 4402 quid.
1150 4325 1270 4385 Mdller.
1293 4333 1322 4382 et
1341 4322 1384 4380 Br.
