2932 5010
566 500 760 556 V-454—-180-
1161 507 1223 570 sor

102 665 145 754 ita
165 694 290 756 offendit
311 695 451 756 Guiotum
474 694 620 772 aliosque,
643 700 678 754 ut
698 715 816 754 vorsum
839 694 1031 770 damnarent3
1065 715 1120 773 ego
1148 697 1224 758 nihil

101 797 238 858 decerno.
260 827 304 838 -
324 793 360 858 in
380 791 473 875 pallo,
496 815 555 856 non
577 799 608 856 in
631 799 743 876 coquis.

184 1106 257 1164 467.
291 1104 470 1182 Megadorus
491 1103 634 1164 Euclione
658 1125 718 1164 non
741 1105 948 1164 animadverso
971 1125 1069 1164 secum
1091 1107 1225 1184 loquitur

98 1209 232 1266 senariis.
251 1237 295 1248 -
316 1208 388 1268 468.
425 1202 613 1280 condicione,
636 1209 750 1280 uxoria,
772 1213 916 1286 utsupra
935 1209 1006 1268 230.
1041 1207 1131 1268 Stich.
1152 1210 1221 1268 122.

102 1313 170 1370 142.
226 1311 308 1369 Trin.
335 1312 404 1370 159.
435 1310 472 1370 nl.
502 1308 623 1368 Sueten.
652 1308 736 1368 Galb.
763 1315 794 1370 5:
832 1313 995 1384 „remansit
1024 1311 1054 1368 in
1088 1310 1224 1370 celibatu

99 1434 194 1490 nsque
217 1413 372 1472 sollicitari
394 1411 455 1470 nlla
477 1411 653 1472 condicione
685 1411 812 1490 amplius
840 1415 955 1490 potuit,
989 1433 1028 1472 ne
1048 1412 1223 1490 Agrippinas

99 1511 249 1593 quidem“.
295 1513 360 1573 Gai.
384 1515 414 1572 in
433 1513 501 1590 Dig.
519 1513 627 1586 XXIV,
653 1516 681 1586 2,
705 1516 733 1586 2,
758 1516 791 1572 2:
817 1514 870 1588 „In
893 1514 1082 1592 sponsalibus
1105 1535 1223 1592 qnoque

99 1618 295 1678 discutiendis
316 1616 431 1694 placuit
453 1617 701 1676 renuntiationem
724 1619 905 1676 interuenire
927 1623 1081 1696 oportere,
1111 1619 1142 1676 in
1165 1638 1224 1696 qna

99 1720 159 1780 hac
177 1719 270 1778 verba
287 1719 418 1798 probata
434 1723 515 1778 sunt:
540 1718 715 1778 condicione
732 1723 784 1778 tus
800 1738 862 1778 non
879 1717 979 1778 utor“.
1014 1719 1224 1780 UndeRitter·

98 1822 200 1882 husius
224 1821 255 1881 h.
278 1822 298 1880 l.
321 1816 410 1897 filiae
430 1840 485 1897 pro
512 1819 638 1894 ,flliam“
664 1823 792 1898 scripsit.
842 1821 1031 1894 Rectissime,
1061 1841 1123 1880 rem
1146 1825 1223 1882 enirn

98 1923 238 1998 landant,
274 1943 335 1982 non
357 1943 527 2000 porsonam,
562 1943 650 2001 qnam
677 1925 795 1982 novisse
823 1943 882 1982 non
909 1930 1046 2000 possunt.
1099 1923 1225 1984 Accedit

99 2027 188 2104 quod,
212 2029 237 2086 si
260 2023 525 2100 „filiamiaudant“
550 2028 665 2101 iungas,
689 2026 877 2086 desideretur
898 2026 1029 2100 verbum,
1053 2027 1131 2086 unde
1152 2047 1224 2104 pen·

97 2129 167 2188 dent
193 2126 353 2202 ,factnm“.
409 2124 542 2200 ιιιιιᾶαιιι
568 2135 614 2188 est
643 2134 757 2188 autem:
791 2128 948 2188 laudentes
971 2128 1089 2202 dicunt,
1125 2128 1161 2190 cf.
1186 2127 1225 2188 ad

97 2251 124 2290 v.
150 2235 177 2292 1.
200 2261 246 2271 -
279 2233 351 2292 470.
386 2225 474 2290 Nam
506 2232 705 2308 negligentius
732 2232 871 2309 ponitur,
906 2252 973 2290 ncm
1009 2235 1041 2291 in
1062 2232 1224 2308 superiori·

97 2333 151 2392 bus
174 2338 339 2394 amicornm
367 2335 546 2392 sententiam
574 2335 711 2412 exposuit
732 2333 919 2408 Megadorus,
942 2334 990 2392 hic
1014 2353 1105 2407 suam,
1129 2339 1164 2392 ut
1191 2353 1224 2391 re

97 2456 167 2496 vera
201 2437 329 2496 causalis
363 2455 456 2495 nexus
488 2437 588 2494 nullus
620 2437 669 2498 sit.
735 2435 843 2496 Audiri
875 2438 973 2512 possit
1009 2435 1089 2510 ,Nec
1121 2437 1223 2494 imme·

97 2540 186 2598 rito“.
234 2537 278 2598 cf.
302 2537 341 2598 ad
361 2540 446 2598 Asin.
472 2541 542 2598 122.
563 2537 758 2596 -Eandem
780 2537 935 2598 Platonem
956 2539 1051 2615 legem
1073 2540 1223 2610 statuisse,

95 2643 133 2714 μὴ
153 2646 254 2718 γαμεῖν
276 2642 408 2698 πλούσιον
431 2643 565 2700 πλουσίου
594 2639 679 2715 (Leg.
703 2641 752 2716 VI,
777 2643 836 2700 773
861 2637 896 2716 C)
927 2639 1137 2700 animadvertit
1160 2640 1224 2698 Vis·

97 2745 208 2819 sering.
234 2743 395 2815 Quaestion.
419 2743 551 2803 Plautio.
574 2743 613 2818 11,
636 2764 665 2820 p.
693 2746 762 2804 101.
786 2773 829 2786 -
851 2745 923 2804 474.
947 2758 1005 2804 nos
1026 2739 1149 2802 minore
1169 2742 1224 2800 hoc

98 2846 202 2906 ordine
225 2845 364 2922 Pylades,
397 2851 431 2904 ut
451 2842 576 2906 inuidia
596 2847 722 2922 primam
745 2847 905 2924 corripiat,
929 2867 956 2906 v.
980 2845 1073 2904 Proll.
1096 2865 1126 2922 p.
1152 2846 1223 2916 203,

98 2951 274 3026 primusque
302 2967 405 3006 versus
434 2968 488 3025 pes
520 2949 809 3025 proceleusmaticus·
835 2949 892 3020 sit,
926 2969 954 3006 v.
978 2947 1071 3006 Proll.
1096 2968 1126 3024 p.
1153 2949 1222 3006 184.

97 3051 218 3110 Miiller.
242 3057 371 3127 transp.:
410 3049 469 3124 „Et
490 3071 545 3108 nos
575 3053 690 3109 minore
718 3049 863 3109 inuidia“.
886 3079 929 3090 -
959 3051 1031 3108 475.
1064 3043 1139 3110 illae
1169 3045 1224 3120 (sic

98 3159 166 3215 cett.
181 3150 292 3228 codd),
316 3172 434 3226 uxores,
457 3155 482 3212 si
504 3155 568 3212 aine
591 3152 662 3212 dote
685 3153 850 3228 nupserint.
863 3181 906 3190 -
921 3146 1040 3210 malam
1061 3167 1136 3220 rent,
1161 3170 1217 3210 ma·

98 3256 172 3330 lum,
202 3276 336 3335 poenam3
370 3255 460 3330 volgo
493 3256 603 3314 dicitur
633 3255 709 3328 ,sibi
736 3255 843 3312 malam
865 3273 928 3312 rem
952 3249 1116 3330 qnaerere“,
1145 3253 1224 3312 infra

99 3361 171 3420 673.
206 3359 305 3418 Oasin.
329 3359 401 3418 244.
434 3357 500 3416 Mil.
524 3359 595 3416 270.
619 3359 690 3430 435,
718 3353 903 3430 „arcessere“
929 3355 1037 3434 Amph.
1062 3357 1133 3428 323,
1160 3375 1224 3430 „re-

97 3459 215 3540 perire“
242 3461 307 3530 Mil.
331 3461 404 3519 473.
426 3489 469 3500 --
490 3456 593 3536 mapis
622 3461 775 3520 sententias
798 3481 816 3519 a
838 3474 933 3537 quam
958 3459 1114 3537 incipienti
1141 3464 1224 3535 post-

97 3567 237 3642 positum,
257 3583 284 3620 v.
298 3562 398 3622 Madv,
412 3561 463 3622 Gr.
476 3561 542 3622 Lat.
558 3563 617 3622 303
630 3567 691 3622 not.
706 3565 735 3622 2.
764 3561 869 3622 Bacch.
885 3564 955 3622 510.
970 3563 1041 3621 675.
1072 3559 1136 3620 Cas.
1153 3562 1223 3620 112.

97 3667 218 3727 Trncnl.
232 3667 304 3724 719.
324 3694 360 3705 -
380 3665 453 3724 477.
476 3663 585 3723 Maiori
602 3665 706 3742 populi
716 3668 797 3742 parti
809 3664 864 3724 hoc
876 3669 978 3742 aperte
991 3662 1155 3724 conducere
1167 3664 1223 3735 ain

97 3768 152 3830 hos
164 3765 259 3845 igitur
276 3767 404 3826 libenter
420 3766 516 3840 legem
527 3769 675 3841 iussuros;
699 3787 764 3826 cum
782 3767 933 3844 opulentis
946 3766 1018 3826 solis
1030 3764 1223 3844 pugnandum

100 3889 172 3931 esse.
207 3863 249 3929 In
267 3871 404 3947 ponitur,
428 3871 514 3944 quasi
526 3871 671 3946 scripturn
683 3875 775 3928 esset:
803 3869 855 3942 „In
867 3871 1027 3926 maximam
1038 3868 1144 3944 populi
1156 3885 1224 3944 par-

99 3979 159 4032 tem
175 3993 237 4032 non
257 3977 302 4030 est
319 3971 522 4048 pugnandum,
545 3971 629 4030 nulla
648 3972 802 4030 altercatio
815 3969 891 4030 est“.
903 4001 946 4011 -
965 3972 1036 4030 479.
1059 3965 1225 4028 insatietas

99 4075 153 4134 hoc
175 4095 237 4134 uno
260 4075 325 4132 loco
347 4074 468 4148 legitur.
491 4101 533 4112 —
556 4075 627 4134 480.
663 4073 707 4132 Do
729 4074 833 4132 ordine
855 4073 1014 4131 verborum
1037 4091 1064 4130 v.
1090 4070 1128 4128 ed
1153 4068 1223 4129 112.

100 4176 259 4238 Pancicres
281 4175 334 4234 hos
356 4183 417 4234 tom
440 4175 542 4234 avidos
565 4195 630 4234 esse
647 4177 699 4250 ait,
721 4181 756 4235 ut
773 4177 876 4236 satiari
894 4179 1013 4234 omnino
1030 4191 1089 4232 non
1107 4173 1224 4249 possint

100 4299 153 4340 nec
187 4278 401 4358 cupiditatibus
429 4297 532 4338 eornm
562 4278 667 4337 modus
695 4279 774 4338 ullus
808 4280 986 4337 inveniatur.
1044 4273 1101 4334 Sed
1134 4273 1226 4332 verba

101 4389 244 4462 corrupta
267 4387 351 4455 sunt;
380 4402 447 4440 nam
476 4383 501 4440 si
524 4383 566 4440 ita
588 4401 717 4454 enarres,
740 4381 853 4455 legem,
885 4382 1019 4457 quamvis
1041 4377 1137 4435 multa
1158 4396 1226 4454 per·
