2922 5006
809 517 903 574 Plauti
1208 515 1396 586 utam-109

797 707 926 790 Hegio

993 814 1165 882 Abducite.
1358 832 1398 885 740

755 941 964 1026 Tyndarus
1054 1001 1057 1012 .

297 1051 341 1114 At
362 1071 463 1114 unum
485 1048 547 1113 boc
570 1069 701 1132 quaeso,
725 1050 752 1114 si
776 1048 840 1114 buc
863 1049 985 1115 rebitet
1006 1048 1220 1130 Philocrates,

297 1157 343 1222 Ut
365 1155 446 1222 mihi
469 1157 539 1222 eius
562 1155 664 1223 facias
688 1157 905 1223 conueniundi
928 1159 1066 1241 copiam.

797 1287 924 1370 Hegio

299 1395 446 1476 Penatis,
469 1395 531 1461 nisi
554 1394 639 1460 hunc
661 1398 727 1461 iam
749 1417 766 1461 e
790 1401 965 1480 conspectu
988 1395 1160 1461 abducitis.

754 1525 964 1610 Tyndarus

298 1635 357 1700 Uis
380 1634 461 1700 haec
484 1635 615 1718 quidem
638 1633 787 1714 herclest,
811 1642 844 1701 et
867 1635 954 1701 trahi
979 1642 1012 1700 et
1033 1633 1123 1700 trudi
1147 1635 1252 1700 simul.

799 1764 927 1847 Hegio

298 1873 369 1938 Illic
393 1881 442 1938 est
465 1872 627 1938 abductus
650 1881 743 1938 recta
764 1874 798 1938 in
821 1872 1002 1957 phylacam,
1025 1881 1062 1938 nt
1085 1873 1202 1955 dignus
1227 1879 1284 1940 est.

298 1981 367 2064 Ego
391 1981 455 2046 illis
479 1983 620 2066 captiuis
643 1981 716 2046 aliis
740 1981 970 2046 documentum
993 1981 1088 2062 dabo,
1116 2007 1117 2012 ¹

298 2089 345 2154 Ne
369 2090 434 2154 tale
458 2090 632 2173 quisquam
656 2089 784 2155 facinus
807 2089 951 2174 incipere
974 2089 1105 2154 audeat.

298 2197 393 2276 Quod
416 2197 541 2280 absque
564 2197 626 2263 hoc
650 2205 745 2278 esset,
769 2199 824 2281 qui
847 2196 927 2262 mibi
948 2196 1012 2261 hoc
1034 2195 1112 2262 fecit
1135 2198 1253 2282 palam,

297 2305 408 2388 Usque
432 2305 628 2371 offrenatum
650 2307 717 2371 suis
741 2327 792 2370 me
815 2305 987 2371 ductarent
1011 2304 1102 2370 dolis.
1170 2387 1171 2391 Ἰ

297 2413 391 2478 Nunc
414 2419 573 2479 certumst
594 2415 677 2478 nulli
700 2413 837 2498 posthac
860 2413 1041 2497 quidquam
1064 2413 1213 2494 credere3

298 2522 385 2587 Satis
409 2543 480 2586 sum
503 2523 603 2587 semel
627 2520 791 2606 deceptus.
838 2519 976 2604 Speraui
997 2523 1104 2600 miser,

298 2629 346 2694 Ex
372 2630 530 2694 seruitute
554 2650 604 2693 me
628 2630 785 2694 exemisse
808 2629 926 2709 filium3

298 2737 347 2802 Ea
370 2758 443 2820 spes
467 2736 620 2821 elapsast.
665 2737 799 2802 Perdidi
822 2759 922 2802 unum
944 2735 1057 2817 filium,
1139 2825 1140 2830 γ

297 2845 439 2909 Puerum
462 2843 669 2928 quadrimum
693 2864 790 2927 quem
812 2845 891 2910 mihi
914 2865 1025 2910 seruos
1048 2847 1185 2930 surpuit,

297 2953 410 3036 Neque
434 2975 508 3018 eum
531 2974 662 3018 seruom
685 2973 838 3036 nmquam
861 2953 991 3036 repperi
1013 2974 1118 3037 neque
1141 2953 1259 3034 lilium3

297 3061 404 3128 Maior
425 3063 552 3146 potitus
575 3061 766 3140 hostiumst3
791 3061 878 3144 quod
901 3059 965 3127 hoc
989 3067 1040 3126 est
1062 3061 1190 3128 scelus?

298 3168 399 3246 Quasi
421 3171 455 3234 in
478 3169 655 3236 orbitatem
677 3168 799 3236 liberos
821 3169 1040 3254 produxerim.

298 3277 441 3361 Sequere
465 3277 543 3358 hac;
566 3278 744 3344 redducam
766 3285 811 3356 te,
834 3277 891 3342 ubi
913 3277 1015 3342 fuisti.
1061 3277 1207 3342 Neminie

296 3385 445 3450 Misereri
469 3393 635 3467 certumst,
659 3387 737 3468 quia
759 3387 823 3450 mei
845 3385 979 3450 miseret
1001 3387 1172 3450 neminem.

698 3514 1020 3598 Aristophontes

296 3623 518 3706 Exauspicani
541 3643 581 3688 ex
604 3623 737 3704 uinclis;
759 3644 847 3688 nunc
869 3623 1024 3708 intellego

296 3729 607 3814 Redauspicandum
630 3753 700 3797 esse
723 3733 757 3796 in
779 3738 914 3797 catenas
939 3732 1055 3798 denuo.

362 4319 412 4372 749
431 4317 505 4371 olere
523 4323 621 4372 natum
702 4320 753 4371 750
770 4323 836 4387 post
854 4317 914 4374 haec
967 4321 1017 4372 752
1035 4319 1139 4374 seruite
1218 4319 1268 4371 754
1284 4293 1398 4376 smmpult
1456 4341 1457 4360 l

295 4404 344 4456 758
363 4403 493 4456 reducam
545 4404 595 4456 759
613 4403 668 4456 mei
686 4417 736 4457 cac.
804 4406 856 4458 760
873 4404 1061 4474 Exauspicani
1082 4422 1116 4458 ex
1134 4404 1235 4458 uinclis
1253 4419 1298 4458 om
