2956 5010
252 495 314 558 570
745 487 881 542 Curculio.

251 707 321 746 vero
344 685 481 744 lenonum
505 705 586 744 more
610 687 653 744 ita
676 703 757 742 suem
782 685 961 754 existimare,
985 688 1019 740 ut
1035 682 1109 740 nihil
1127 703 1187 742 non
1205 682 1265 740 eins
1281 700 1369 758 opere

251 791 355 862 faciat,
390 789 563 866 nullumque
586 789 751 865 periurium
775 788 803 844 ei
825 805 882 844 non
906 788 1052 864 imponet,
1083 787 1119 844 cl.
1144 787 1216 844 458.
1239 814 1280 824 —
1300 786 1368 842 495.

252 890 283 952 81-
311 888 389 970 que'd
415 897 483 950 cett.
508 890 593 950 codd.
624 921 664 930 -
693 887 902 966 mancupem,
938 891 1087 967 mancipio
1111 887 1204 960 datis,
1238 886 1368 946 venditis.

251 1025 295 1036 —
317 997 388 1054 490.
424 987 556 1070 Alienos
582 989 803 1052 munumiiiilis
831 992 932 1064 codd,
963 997 1067 1050 contra
1097 1009 1243 1050 numeros.
1287 988 1369 1048 Both.

256 1099 396 1174 „Alienos
418 1098 538 1156 mittitis
560 1093 679 1155 menu“.
725 1095 770 1154 Fl.
798 1095 908 1168 „Manu
931 1094 1044 1152 elienos
1067 1089 1235 1152 emittitis“.
1281 1091 1370 1168 Gepp.

256 1201 397 1274 „Alienos
425 1219 480 1257 uos
507 1195 750 1258 manumittitis“.
781 1228 821 1238 -
852 1201 923 1257 497.
958 1198 1067 1256 auctor
1094 1198 1138 1254 rei
1167 1196 1294 1254 vendite
1322 1200 1373 1251 out

252 1281 406 1384 promisee
428 1302 453 1358 is
477 1306 531 1372 est,
555 1303 607 1377 qui
631 1299 667 1358 ed
691 1299 779 1358 fidem
802 1299 979 1360 firmandam
997 1303 1168 1372 assumitur,
1194 1301 1276 1357 cuius
1292 1299 1372 1356 testi·

253 1407 354 1465 monio
377 1423 498 1462 securus
522 1409 639 1480 emptor
663 1405 737 1460 sciet
760 1423 790 1460 se
814 1403 844 1462 id
867 1423 980 1476 emere,
1012 1403 1093 1480 quod
1120 1402 1211 1460 vendi
1239 1402 1323 1459 liceat
1344 1405 1373 1457 et

254 1508 333 1586 quod
364 1507 419 1564 sibi
446 1511 526 1564 recte
555 1505 635 1564 tredi
658 1507 769 1582 possit;
803 1507 839 1564 cl.
865 1505 924 1564 Cic.
948 1505 1053 1564 Caecin.
1081 1507 1127 1578 10,
1159 1507 1217 1563 27:
1259 1509 1373 1576 „auctor

253 1607 369 1670 fundi“.
415 1611 464 1680 25,
490 1611 543 1666 72:
570 1608 671 1686 „quod
695 1609 800 1666 mulier
823 1611 887 1666 sine
909 1615 1008 1666 tutore
1031 1615 1152 1666 auctore
1175 1603 1371 1686 promiserit“.

254 1709 332 1774 estis
354 1717 423 1770 cett.
444 1710 528 1770 codd.
552 1740 594 1750 -
617 1712 688 1770 498.
713 1711 769 1770 Hic
791 1713 902 1770 inserui
924 1731 1050 1783 versum,
1074 1712 1125 1787 qui
1148 1710 1179 1768 in
1205 1709 1290 1768 codd.
1308 1712 1373 1784 post

256 1817 316 1875 514
345 1815 471 1890 legitur,
507 1813 559 1872 ubi
589 1821 619 1870 et
647 1815 862 1872 sententiarum
892 1834 1000 1872 nexum
1030 1813 1134 1872 turbet
1167 1833 1223 1872 nec
1252 1811 1374 1884 intelligi

254 1923 363 1996 potest,
394 1916 466 1992 qnid
490 1918 530 1974 sit
553 1931 710 1992 muriceps.
761 1915 952 1992 Significatur
974 1921 1072 1974 eutem
1096 1916 1153 1974 hoc
1180 1916 1297 1974 nomine
1325 1914 1373 1990 qui

254 2020 403 2098 mancipio
428 2019 542 2095 aliquid
564 2022 703 2096 suscipit3
739 2038 797 2095 quc
828 2019 906 2078 lecto
937 2024 1063 2096 epperct
1085 2039 1153 2078 eum
1176 2023 1228 2076 eut
1250 2018 1374 2092 pretium

256 2124 300 2180 rei
324 2129 376 2180 ent
399 2141 473 2199 opus
495 2122 660 2180 iaciendum
686 2141 843 2198 operumve
866 2121 1066 2198 praestsndem
1098 2121 1220 2178 debers.
1243 2149 1286 2158 -
1308 2119 1374 2176 499.

257 2244 360 2284 versus
384 2225 500 2282 diseresi
524 2231 612 2284 caret.
639 2254 675 2266 ·-
704 2225 774 2284 500.
799 2221 922 2284 cimices
945 2227 1070 2282 accessit
1092 2243 1128 2281 ex
1144 2222 1236 2280 Festo
1254 2242 1283 2298 p.
1303 2222 1375 2278 210:

261 2321 382 2400 „Pedes
411 2333 508 2384 eutem
539 2347 593 2404 pro
622 2327 768 2404 pediculis
796 2329 838 2386 sic
861 2327 985 2386 Plautus
1015 2326 1106 2384 refert
1132 2327 1163 2383 in
1187 2323 1376 2383 Curculione:

255 2428 330 2486 Item
355 2447 449 2503 genus
472 2431 549 2488 inter
567 2431 701 2488 homines
720 2450 786 2488 mec
805 2429 924 2506 quidem
943 2431 1041 2488 animo
1058 2435 1092 2486 ut
1109 2447 1237 2498 muscae,
1261 2425 1376 2496 culices,

257 2533 375 2590 cimices
398 2530 552 2608 pedesque
574 2531 776 2608 pulicesque“.
800 2563 842 2572 -
862 2535 931 2590 501.
959 2525 1046 2602 Odia,
1070 2552 1110 2590 sc.
1135 2532 1217 2602 estis,
1242 2527 1321 2605 quod
1344 2547 1378 2584 en

257 2635 401 2710 proximis
424 2633 612 2706 intelligitur.
636 2663 678 2674 —
708 2637 777 2694 503.
807 2649 876 2692 eum
899 2655 958 2694 non
982 2637 1079 2712 primo
1101 2634 1168 2692 loco
1191 2632 1327 2709 positum,
1349 2649 1377 2688 v.

259 2735 296 2794 ad
316 2735 423 2812 Amph.
445 2737 514 2794 181.
549 2736 617 2794 Aul.
637 2738 770 2796 4511.-
792 2736 861 2796 506.
893 2731 966 2798 Uoc.
989 2737 1163 2814 Trspenitss
1185 2755 1246 2794 uon
1268 2735 1379 2792 minore

259 2839 391 2896 convicio
403 2839 551 2914 exagitem
574 2857 642 2896 nem
654 2838 685 2896 hi
698 2859 825 2916 quoque,
845 2843 980 2917 quemvis
997 2839 1121 2898 multum
1140 2841 1182 2898 eis
1200 2837 1378 2908 crederetur,

257 2945 357 3000 temen
380 2947 504 3018 propter
526 2941 610 3000 fenus
633 2941 711 3000 mele
734 2941 904 3014 audiebant,
929 2943 1011 3000 velut
1026 2940 1188 3017 Autipben.
1208 2961 1256 3018 ep.
1274 2939 1379 2997 Athen.

259 3042 308 3115 VI,
333 3045 393 3102 225
418 3062 448 3100 e:
486 3047 646 3118 τραπεζίτας
668 3068 673 3080 ·
698 3043 780 3110 ἔθνος
802 3046 897 3102 τούτου
919 3047 973 3122 γάρ
996 3049 1067 3100 ἐστιν
1095 3043 1172 3100 οὐδὲν
1201 3045 1379 3116 ἐξωλέστερον.

259 3145 345 3218 Quod
364 3147 395 3205 in
414 3145 500 3205 codd.
517 3147 628 3222 legitur
648 3147 677 3205 ei
687 3161 771 3222 paro
789 3155 961 3224 corruptum
979 3155 1038 3220 eet;
1063 3146 1165 3204 videns
1182 3146 1380 3204 defensionem

259 3246 414 3319 Gronovii,
438 3247 535 3306 Lecti.
559 3248 655 3306 Pleut.
680 3268 710 3325 p.
728 3252 778 3308 92.
824 3250 929 3310 Ortum
951 3250 1070 3310 ridetur
1092 3269 1127 3308 ex
1150 3250 1247 3325 prime
1269 3246 1381 3322 syllube

259 3353 387 3426 proximi
409 3351 548 3410 vocabuli
570 3351 615 3410 bis
638 3353 758 3428 scripta.
804 3353 913 3424 Quare,
944 3371 1035 3428 quum
1062 3354 1153 3410 etiem
1182 3353 1213 3408 in
1235 3351 1380 3428 principio

259 3472 361 3511 versus
384 3446 507 3512 Eodem
528 3473 583 3529 pro
606 3453 714 3512 ibidem
738 3475 797 3514 non
820 3462 901 3512 recte
925 3455 1054 3526 dicetur,
1088 3455 1212 3529 reposui
1243 3453 1275 3510 id
1304 3451 1381 3528 quod

259 3557 399 3612 omissum
423 3575 487 3614 esse
511 3564 646 3633 apparet,
671 3551 744 3616 loco,
769 3587 810 3597 -
832 3552 925 3616 bibus
947 3578 983 3615 ex
1005 3558 1034 3616 h.
1055 3557 1075 3615 l.
1099 3557 1185 3614 affert
1208 3555 1337 3615 Carisius
1357 3553 1378 3624 1,

260 3677 290 3735 p.
317 3659 356 3716 54
381 3657 431 3730 K.;
469 3658 570 3730 „ibus“
603 3680 640 3716 ex
662 3659 773 3718 Titinio
798 3655 865 3735 (59)
899 3665 930 3718 et
958 3660 1125 3738 Pomponio
1149 3655 1244 3731 (104)
1270 3657 1379 3715 Nonius

259 3779 289 3838 p.
314 3761 385 3834 480.
430 3759 524 3818 Extst
551 3763 641 3820 etiem
664 3761 728 3822 Mil.
753 3764 810 3820 74:
849 3763 931 3832 „ibus
963 3763 1146 3820 dinumerem
1169 3757 1378 3838 stipendium&

260 3863 379 3922 Trucul.
412 3865 485 3922 110:
529 3863 620 3934 „Ibist
655 3864 720 3922 ibus
754 3861 899 3942 pugnae“.
962 3864 1044 3941 Cupt.
1076 3865 1208 3938 Arg.·5.
1241 3891 1281 3902 -
1316 3864 1379 3921 507.

260 3959 306 4026 Hi
339 3971 369 4023 et
402 3962 436 4024 ite
469 3965 540 4043 foro
573 3975 641 4024 cett.
673 3967 758 4026 codd.
789 3997 831 4007 -
866 3970 935 4028 508.
970 3967 1080 4025 Versus
1114 3971 1285 4044 corruptus.
1338 3963 1378 4021 Fl.

263 4065 379 4141 „hisce“
417 4069 480 4141 ed.;
517 4069 597 4128 Brix.
628 4071 658 4128 in
692 4070 799 4128 Annul.
831 4070 904 4147 phil.
935 4069 986 4142 01,
1020 4091 1049 4148 p.
1075 4071 1141 4152 ,705
1172 4070 1248 4127 coni.
1280 4067 1380 4140 „mele-

260 4169 395 4243 suudio“,
437 4191 509 4230 voce
543 4173 674 4230 noudum
709 4172 782 4230 elibi
815 4179 947 4250 reperim
988 4171 1125 4248 equidem
1164 4171 1258 4228 verbe
1290 4177 1380 4228 truns-

260 4291 372 4349 ponere
390 4274 504 4332 melini:
533 4275 611 4347 „ch
631 4276 734 4332 fenore
752 4276 893 4346 homines,
918 4275 949 4334 hi
967 4275 1041 4334 mole
1059 4272 1213 4332 suadendo
1232 4279 1263 4332 et
1283 4273 1381 4332 lustris
