2916 5006
546 501 570 556 V
597 505 741 557 960—984.
1139 513 1200 572 437

84 695 235 756 inultum“.
282 699 391 756 Verum
408 697 464 757 huc
486 697 547 757 non
568 701 698 776 pertinet
719 699 803 758 locus
825 699 975 757 Ciceronis
997 719 1053 777 pro
1075 699 1202 758 Murena

87 801 134 871 12,
164 802 203 859 87
235 800 272 857 de
306 801 426 860 senibus
460 799 497 859 ad
527 803 727 880 coemptiones
757 801 907 860 faciendae
935 802 1201 862 interimendorum

82 923 230 960 sacrorum
252 923 340 962 causa
363 905 499 980 repertis,
524 925 583 982 qua
606 903 642 962 de
664 925 696 962 re
720 903 778 963 vid.
799 903 936 980 savigny,
960 904 1132 962 Zeitschrilt
1155 905 1202 964 fiir

82 1005 252 1081 geschichtl.
276 1006 592 1066 Rechtswirsenschaft
614 1007 651 1079 ll,
675 1028 705 1084 p.
731 1008 791 1065 396
815 1027 859 1083 sq.

164 1111 236 1168 974.
266 1109 453 1185 Colloquium
476 1110 540 1168 heri
563 1115 594 1167 et
616 1113 695 1168 servi
719 1114 749 1166 et
770 1109 867 1185 ipsum
891 1111 1038 1168 canticum
1063 1099 1126 1182 est,
1149 1110 1201 1168 sed

83 1213 238 1270 maximam
274 1217 387 1288 partem
424 1212 582 1271 trochaicis
615 1213 776 1270 octonariis
816 1214 1019 1290 compositum.
1085 1211 1202 1271 Primus

80 1319 175 1372 tamen
196 1335 300 1374 versus
318 1321 431 1392 septem
449 1313 645 1374 trochaeorum
663 1320 717 1374 est.
753 1313 939 1373 Hermanuus
950 1315 1086 1374 ultimum
1096 1315 1202 1391 pedem

83 1418 226 1477 excidisse
238 1419 380 1494 putabat3
403 1417 515 1477 Ritsch.
543 1417 621 1491 „Cll.
644 1415 746 1492 Euge“
768 1417 926 1494 supplevit,
944 1437 1048 1494 parum
1068 1419 1200 1477 feliciter.

80 1519 135 1578 Sed
164 1521 330 1580 Nicobulus
364 1541 423 1579 uon
457 1519 548 1578 dixit:
598 1519 694 1593 ,Quid
722 1518 778 1577 fit?
813 1517 911 1591 Quid?
956 1519 1034 1596 quod
1062 1527 1092 1578 te
1125 1521 1201 1593 misi,

81 1623 186 1699 ecquid
205 1618 336 1698 egisti?“
377 1623 439 1681 dut
462 1621 575 1694 ,Quid“
598 1623 766 1696 delendum,
791 1629 824 1680 ut
842 1623 898 1680 sit:
926 1621 1021 1695 „Quid
1037 1619 1092 1679 fit?
1116 1621 1201 1694 Quod

80 1732 108 1783 te
131 1723 231 1800 ruisi“,
261 1731 314 1785 sut
341 1727 477 1803 personis
506 1725 593 1784 aliter
621 1723 828 1783 distribuenda
850 1729 920 1782 sunt
942 1723 1041 1781 verba.
1086 1723 1125 1781 Et
1147 1723 1202 1781 hoc

80 1828 198 1904 quidem
221 1829 321 1906 potius
346 1827 449 1900 credo,
474 1827 649 1903 Chrysalum
671 1848 731 1888 nou
753 1829 783 1884 in
806 1847 887 1884 mera
909 1827 1036 1884 nominis
1059 1825 1203 1884 exclama·

79 1935 159 1989 tione
177 1932 359 2004 substitisse,
383 1931 435 1988 sed
456 1929 621 1988 addidisse:
649 1929 739 2005 ,quid
761 1925 825 2003 fit“,
848 1935 883 1988 ut
905 1949 996 2006 supra
1017 1928 1129 2000 aaut,
1152 1927 1204 1984 Ni·

80 2033 216 2093 cobulum
236 2039 343 2106 auum,
362 2035 460 2110 potius
479 2033 537 2092 sibi
559 2031 749 2110 quaerendum
773 2052 848 2106 esse,
871 2029 1069 2109 respondisse.
1082 2059 1125 2070 —
1142 2031 1202 2088 975
1297 2093 1300 2100 ,
1334 2095 1337 2104 Ι

78 2140 181 2197 -979
195 2138 342 2196 octonarii
353 2137 497 2195 trochaici
509 2155 574 2195 cum
586 2137 765 2213 septenario.
789 2135 869 2194 Ante
881 2127 1015 2211 Royas?
1037 2133 1072 2192 R.
1089 2129 1200 2205 „Hem“

79 2239 204 2313 addidit,
228 2261 288 2318 quo
311 2259 370 2299 non
393 2245 438 2298 est
455 2259 539 2316 opus.
558 2269 599 2278 —
623 2233 764 2298 Gradior
786 2259 822 2297 ex
839 2237 861 2297 C
877 2237 991 2296 Ritsch.
1009 2265 1052 2276 —
1071 2237 1143 2295 976.
1167 2234 1203 2294 R.

79 2347 190 2402 mutato
210 2343 328 2402 ordine:
356 2343 520 2416 ,homiuem
539 2341 577 2400 ad
593 2342 739 2400 lacrumas
758 2339 873 2416 coegi“.
909 2336 994 2418 coepi
1006 2339 1078 2398 duas
1089 2341 1205 2415 priores

79 2447 209 2522 syllabas
232 2445 397 2518 contrahit,
424 2425 453 2504 ν’.
483 2444 599 2521 Proleg.
623 2463 652 2520 p.
678 2445 748 2503 are.
772 2475 815 2484 —
844 2445 915 2504 ero.
939 2437 1018 2502 mihi
1043 2439 1126 2517 (1ο.
1151 2437 1203 2513 mr)

80 2543 134 2609 llas
165 2545 252 2609 dedit
278 2548 380 2621 codd.;
415 2548 450 2608 R.
479 2547 647 2606 Acidalium
676 2553 809 2606 secutus:
851 2547 923 2623 „hae
951 2545 1034 2604 dedit
1061 2539 1132 2603 mi“.
1163 2573 1205 2582 -

80 2653 213 2724 tament,
237 2651 349 2725 dicant,
374 2651 411 2712 cf.
431 2649 508 2710 Rud.
527 2651 603 2709 478ι
631 2670 739 2727 „eapse
763 2656 874 2724 cantat,
898 2652 989 2727 quoia
1011 2645 1081 2706 ait“.
1115 2645 1204 2705 Most.

81 2758 154 2814 964:
196 2755 295 2828 „Uera
323 2751 455 2813 cantas“.
490 2781 532 2792 -
566 2755 627 2813 980
652 2773 696 2830 sq.
732 2755 904 2814 octonarius
934 2771 999 2811 oum
1022 2750 1204 2828 septenario.

81 2853 187 2918 Nosce
211 2855 346 2934 siquam,
371 2857 407 2917 cf.
431 2857 503 2916 184.
523 2885 561 2896 -
581 2858 642 2914 982
665 2877 709 2933 sq.
733 2857 851 2916 iambici
875 2853 1031 2914 octonarii.
1070 2851 1206 2912 Priorem

80 2981 147 3019 casu
171 2962 274 3020 omisit
297 2961 336 3034 B3
361 2959 478 3018 addidit
500 2959 628 3017 secunda
651 2979 767 3018 manus:
809 2957 981 3030 „Scinditur
1009 2975 1087 3013 nunc
1117 2951 1205 3025 etc.“,

80 3083 136 3138 quo
165 3063 256 3122 modo
283 3063 452 3122 trochaicus
482 3061 517 3120 fit
539 3081 657 3134 versus,
693 3061 742 3120 sed
772 3059 958 3138 praeferenda
986 3059 1148 3116 auctoritas
1173 3055 1205 3114 C.

79 3166 150 3226 Post
175 3161 306 3226 exitium
325 3166 439 3240 hiatus,
469 3165 552 3223 cuius
574 3163 689 3223 vitandi
712 3183 800 3223 causa
821 3162 936 3221 Acidal.
960 3160 996 3219 R.
1021 3159 1066 3218 Fl.
1095 3177 1205 3236 ,prope

81 3269 196 3329 adest“.
231 3269 391 3346 Chrysalus
413 3267 476 3327 haec
499 3287 597 3326 secum
620 3265 757 3325 alludens
781 3265 817 3323 ad
841 3285 868 3324 v.
894 3265 966 3324 950.
1011 3261 1206 3322 secedentem

80 3377 200 3432 revocat
221 3371 321 3431 herus.

165 3477 238 3534 984.
268 3475 339 3547 Qua
368 3478 501 3534 extremo
533 3475 630 3531 versui
659 3470 746 3531 codd.
771 3469 902 3528 addunt:
942 3475 994 3543 ,ut
1016 3468 1096 3546 quod
1118 3467 1206 3525 iubeo

80 3575 202 3650 iacias“,
236 3577 416 3638 Ritschelius
444 3577 521 3636 vidit
549 3595 585 3634 ex
613 3575 808 3652 sequentibus
843 3569 918 3647 (986
948 3578 1000 3631 aut
1024 3567 1098 3642 990)
1129 3569 1207 3628 male

80 3687 262 3758 praesumpta
284 3701 362 3753 essa;
392 3681 441 3740 hic
464 3679 583 3757 quidem
606 3680 709 3756 inepta
731 3683 811 3736 sunt.
863 3675 954 3748 Idam,
984 3682 1019 3734 ut
1041 3695 1078 3733 ex
1100 3675 1154 3732 hoc
1178 3677 1208 3731 et

81 3787 215 3862 sequenti
235 3785 330 3844 troch.
344 3785 528 3843 octonarium
548 3781 667 3854 lacerat,
687 3781 733 3840 cd.
750 3801 842 3858 „opus
860 3785 913 3852 est,
938 3775 1059 3856 quaeso?
1093 3777 1145 3836 NI.
1168 3775 1210 3835 Ut

81 3893 166 3961 scias,
190 3908 255 3965 qua
278 3889 390 3965 scripta
407 3887 466 3946 sint
483 3881 561 3944 hic“.
595 3883 726 3957 Mulier,
751 3883 873 3942 Nachtr.
891 3904 920 3960 p.
940 3885 996 3941 28:
1023 3901 1117 3959 „opus
1140 3876 1207 3937 est?

82 3991 131 4052 NI.
161 3991 237 4050 Tute
265 3999 300 4048 ut
321 3991 412 4063 scias,
444 3989 493 4049 hic
523 3989 635 4063 scripta
663 4007 739 4064 quae
768 3981 875 4045 sient“.
920 3984 1045 4043 Codices
1072 3979 1225 4057 sequenti.

83 4099 197 4169 primus
209 4115 312 4153 versus
323 4093 466 4152 iambicus
480 4091 604 4149 dimeter
616 4089 674 4148 dici
686 4093 801 4168 potest,
825 4091 850 4148 si
866 4083 992 4166 ,opust“
1008 4085 1103 4142 altera
1114 4081 1207 4153 brevi,

84 4207 135 4256 aut
162 4196 272 4276 ,opus“
298 4198 424 4272 legatur,
448 4193 571 4254 eandem
590 4197 680 4271 utque
699 4191 758 4251 duo
776 4193 906 4270 proximi
923 4191 1047 4248 formam
1067 4183 1209 4264 prebeat,

85 4301 226 4360 trochaici
263 4301 383 4359 dimetri
417 4299 594 4359 catalectici.
623 4327 666 4338 -
699 4295 773 4356 Mox
794 4295 925 4368 Ritsch.,
961 4311 1048 4368 quem
1076 4287 1122 4347 Fl.
1146 4287 1209 4346 lere

87 4407 230 4482 sequitur,
250 4425 285 4463 ex
299 4404 455 4476 986-87,
469 4402 571 4461 addito
586 4397 676 4477 „ego“
698 4405 767 4478 post
787 4395 903 4473 „uolo“,
917 4394 1010 4456 troch.
1024 4392 1208 4452 octonarium
