<?xml version="1.0" encoding="UTF-8"?>
<!DOCTYPE html PUBLIC "-//W3C//DTD XHTML 1.0 Transitional//EN"
    "http://www.w3.org/TR/xhtml1/DTD/xhtml1-transitional.dtd">
<html xmlns="http://www.w3.org/1999/xhtml" xml:lang="en" lang="en">
 <head>
  <title>
</title>
<meta http-equiv="Content-Type" content="text/html;charset=utf-8" />
  <meta name='ocr-system' content='tesseract 3.04.00' />
  <meta name='ocr-capabilities' content='ocr_page ocr_carea ocr_par ocr_line ocrx_word'/>
</head>
<body>
  <div class='ocr_page' id='page_1' title='image "./tmacciiplautico00ussigoog_0400.png"; bbox 0 0 2932 5010; ppageno 0'>
   <div class='ocr_carea' id='block_1_1' title="bbox 586 479 750 536">
    <p class='ocr_par' dir='ltr' id='par_1_1' title="bbox 586 479 750 536">
     <span class='ocr_line' id='line_1_1' title="bbox 586 479 750 536; baseline 0 -4"><span class='ocrx_word' id='word_1_1' title='bbox 586 479 619 534; x_wconf 91' lang='lat' dir='ltr'><strong>V.</strong></span> <span class='ocrx_word' id='word_1_2' title='bbox 641 481 750 536; x_wconf 84' lang='lat'><strong>64-90.</strong></span> 
     </span>
    </p>
   </div>
   <div class='ocr_carea' id='block_1_2' title="bbox 95 672 1269 4442">
    <p class='ocr_par' dir='ltr' id='par_1_2' title="bbox 95 672 1269 3928">
     <span class='ocr_line' id='line_1_2' title="bbox 95 672 1222 754; baseline -0.001 -18"><span class='ocrx_word' id='word_1_3' title='bbox 95 697 203 753; x_wconf 81' lang='lat' dir='ltr'><strong>operas</strong></span> <span class='ocrx_word' id='word_1_4' title='bbox 214 695 324 751; x_wconf 78' lang='lat' dir='ltr'><strong>magno</strong></span> <span class='ocrx_word' id='word_1_5' title='bbox 337 683 473 736; x_wconf 75' lang='lat' dir='ltr'><strong>constare</strong></span> <span class='ocrx_word' id='word_1_6' title='bbox 490 697 550 736; x_wconf 88' lang='lat' dir='ltr'><strong>non</strong></span> <span class='ocrx_word' id='word_1_7' title='bbox 567 679 694 754; x_wconf 79' lang='lat' dir='ltr'><strong>ignorat.</strong></span> <span class='ocrx_word' id='word_1_8' title='bbox 706 706 750 716; x_wconf 98' lang='lat'>—</span> <span class='ocrx_word' id='word_1_9' title='bbox 762 679 811 735; x_wconf 81' lang='lat'><strong>73.</strong></span> <span class='ocrx_word' id='word_1_10' title='bbox 837 672 925 735; x_wconf 75' lang='lat' dir='ltr'><strong>locon</strong></span> <span class='ocrx_word' id='word_1_11' title='bbox 936 677 1070 734; x_wconf 79' lang='lat' dir='ltr'><strong>ultimam</strong></span> <span class='ocrx_word' id='word_1_12' title='bbox 1082 679 1222 752; x_wconf 77' lang='lat' dir='ltr'><strong>corripit,</strong></span> 
     </span>
     <span class='ocr_line' id='line_1_3' title="bbox 99 777 1227 855; baseline 0.001 -18"><span class='ocrx_word' id='word_1_13' title='bbox 99 801 127 839; x_wconf 89' lang='lat' dir='ltr'><strong>v.</strong></span> <span class='ocrx_word' id='word_1_14' title='bbox 149 780 291 854; x_wconf 82' lang='lat' dir='ltr'><strong>Prolegg.</strong></span> <span class='ocrx_word' id='word_1_15' title='bbox 310 799 339 855; x_wconf 90' lang='lat' dir='ltr'><strong>p.</strong></span> <span class='ocrx_word' id='word_1_16' title='bbox 361 781 438 852; x_wconf 84' lang='grc'><strong>206;</strong></span> <span class='ocrx_word' id='word_1_17' title='bbox 462 779 562 838; x_wconf 88' lang='lat' dir='ltr'><strong>Herm.</strong></span> <span class='ocrx_word' id='word_1_18' title='bbox 587 777 698 851; x_wconf 82' lang='lat' dir='ltr'><strong>„istnc“</strong></span> <span class='ocrx_word' id='word_1_19' title='bbox 725 781 838 850; x_wconf 89' lang='lat' dir='ltr'><strong>omisit;</strong></span> <span class='ocrx_word' id='word_1_20' title='bbox 864 778 992 838; x_wconf 88' lang='lat' dir='ltr'><strong>Ritsch.:</strong></span> <span class='ocrx_word' id='word_1_21' title='bbox 1021 778 1147 850; x_wconf 78' lang='lat' dir='ltr'><strong>„Utrum</strong></span> <span class='ocrx_word' id='word_1_22' title='bbox 1171 797 1227 854; x_wconf 79' lang='lat' dir='ltr'><strong>ego</strong></span> 
     </span>
     <span class='ocr_line' id='line_1_4' title="bbox 99 872 1226 958; baseline 0.003 -19"><span class='ocrx_word' id='word_1_23' title='bbox 99 885 185 941; x_wconf 90' lang='lat' dir='ltr'><strong>iocon</strong></span> <span class='ocrx_word' id='word_1_24' title='bbox 197 883 229 940; x_wconf 91' lang='lat' dir='ltr'><strong>id</strong></span> <span class='ocrx_word' id='word_1_25' title='bbox 243 883 377 941; x_wconf 90' lang='lat' dir='ltr'><strong>simulem</strong></span> <span class='ocrx_word' id='word_1_26' title='bbox 383 879 409 940; x_wconf 88' lang='lat'><strong>“.</strong></span> <span class='ocrx_word' id='word_1_27' title='bbox 440 881 552 940; x_wconf 84' lang='lat' dir='ltr'><strong>Charis.</strong></span> <span class='ocrx_word' id='word_1_28' title='bbox 565 901 594 958; x_wconf 91' lang='lat' dir='ltr'><strong>p.</strong></span> <span class='ocrx_word' id='word_1_29' title='bbox 609 885 670 941; x_wconf 87' lang='grc'><strong>220</strong></span> <span class='ocrx_word' id='word_1_30' title='bbox 683 883 720 942; x_wconf 91' lang='lat' dir='ltr'><strong>K.</strong></span> <span class='ocrx_word' id='word_1_31' title='bbox 734 903 799 942; x_wconf 89' lang='lat' dir='ltr'><strong>cum</strong></span> <span class='ocrx_word' id='word_1_32' title='bbox 812 872 958 940; x_wconf 73' lang='lat' dir='ltr'><strong>Plautinis</strong></span> <span class='ocrx_word' id='word_1_33' title='bbox 972 881 1055 940; x_wconf 85' lang='lat' dir='ltr'><strong>codd.</strong></span> <span class='ocrx_word' id='word_1_34' title='bbox 1070 885 1226 943; x_wconf 79' lang='lat' dir='ltr'><strong>consentit.</strong></span> 
     </span>
     <span class='ocr_line' id='line_1_5' title="bbox 99 979 1229 1062; baseline 0 -18"><span class='ocrx_word' id='word_1_35' title='bbox 99 987 209 1044; x_wconf 76' lang='lat' dir='ltr'><strong>ulrum</strong></span> <span class='ocrx_word' id='word_1_36' title='bbox 307 1001 354 1056; x_wconf 78' lang='lat' dir='ltr'><strong>sse,</strong></span> <span class='ocrx_word' id='word_1_37' title='bbox 378 986 414 1044; x_wconf 84' lang='lat' dir='ltr'><strong>cf.</strong></span> <span class='ocrx_word' id='word_1_38' title='bbox 438 987 511 1044; x_wconf 79' lang='lat'><strong>497.</strong></span> <span class='ocrx_word' id='word_1_39' title='bbox 552 984 638 1062; x_wconf 87' lang='lat' dir='ltr'><strong>Capt.</strong></span> <span class='ocrx_word' id='word_1_40' title='bbox 663 986 735 1044; x_wconf 79' lang='lat'><strong>267.</strong></span> <span class='ocrx_word' id='word_1_41' title='bbox 760 987 797 1045; x_wconf 86' lang='lat' dir='ltr'><strong>al.</strong></span> <span class='ocrx_word' id='word_1_42' title='bbox 821 1015 862 1026; x_wconf 88' lang='lat'>-</span> <span class='ocrx_word' id='word_1_43' title='bbox 887 987 937 1043; x_wconf 79' lang='lat'><strong>74.</strong></span> <span class='ocrx_word' id='word_1_44' title='bbox 969 979 1066 1058; x_wconf 74' lang='lat' dir='ltr'><strong>Heia,</strong></span> <span class='ocrx_word' id='word_1_45' title='bbox 1097 985 1229 1044; x_wconf 84' lang='lat' dir='ltr'><strong>declinat</strong></span> 
     </span>
     <span class='ocr_line' id='line_1_6' title="bbox 97 1082 1226 1166; baseline 0.001 -20"><span class='ocrx_word' id='word_1_46' title='bbox 97 1109 116 1146; x_wconf 88' lang='lat' dir='ltr'><strong>a</strong></span> <span class='ocrx_word' id='word_1_47' title='bbox 141 1089 361 1166; x_wconf 88' lang='lat' dir='ltr'><strong>respondendo.</strong></span> <span class='ocrx_word' id='word_1_48' title='bbox 386 1117 427 1126; x_wconf 90' lang='lat'><strong>-—</strong></span> <span class='ocrx_word' id='word_1_49' title='bbox 449 1082 505 1146; x_wconf 80' lang='lat' dir='ltr'><strong>hoo</strong></span> <span class='ocrx_word' id='word_1_50' title='bbox 527 1103 633 1164; x_wconf 74' lang='lat' dir='ltr'><strong>apere,</strong></span> <span class='ocrx_word' id='word_1_51' title='bbox 657 1089 738 1164; x_wconf 90' lang='lat' dir='ltr'><strong>quod</strong></span> <span class='ocrx_word' id='word_1_52' title='bbox 761 1091 911 1164; x_wconf 88' lang='lat' dir='ltr'><strong>inceptum</strong></span> <span class='ocrx_word' id='word_1_53' title='bbox 935 1093 995 1158; x_wconf 84' lang='lat' dir='ltr'><strong>cst,</strong></span> <span class='ocrx_word' id='word_1_54' title='bbox 1031 1089 1226 1161; x_wconf 85' lang='lat' dir='ltr'><strong>considerare,</strong></span> 
     </span>
     <span class='ocr_line' id='line_1_7' title="bbox 98 1190 1228 1267; baseline 0.003 -21"><span class='ocrx_word' id='word_1_55' title='bbox 98 1211 161 1265; x_wconf 90' lang='lat' dir='ltr'><strong>quo</strong></span> <span class='ocrx_word' id='word_1_56' title='bbox 191 1190 281 1248; x_wconf 85' lang='lat' dir='ltr'><strong>modo</strong></span> <span class='ocrx_word' id='word_1_57' title='bbox 312 1191 397 1248; x_wconf 89' lang='lat' dir='ltr'><strong>miles</strong></span> <span class='ocrx_word' id='word_1_58' title='bbox 426 1193 554 1248; x_wconf 84' lang='lat' dir='ltr'><strong>coerceri</strong></span> <span class='ocrx_word' id='word_1_59' title='bbox 581 1193 696 1267; x_wconf 82' lang='lat' dir='ltr'><strong>possit3</strong></span> <span class='ocrx_word' id='word_1_60' title='bbox 731 1191 767 1249; x_wconf 88' lang='lat' dir='ltr'><strong>cf.</strong></span> <span class='ocrx_word' id='word_1_61' title='bbox 798 1191 864 1250; x_wconf 89' lang='lat' dir='ltr'><strong>Ter.</strong></span> <span class='ocrx_word' id='word_1_62' title='bbox 889 1191 1005 1248; x_wconf 89' lang='lat' dir='ltr'><strong>Phorm.</strong></span> <span class='ocrx_word' id='word_1_63' title='bbox 1030 1192 1107 1249; x_wconf 83' lang='lat'>435:</span> <span class='ocrx_word' id='word_1_64' title='bbox 1146 1191 1228 1263; x_wconf 82' lang='lat' dir='ltr'><strong>„Hoc</strong></span> 
     </span>
     <span class='ocr_line' id='line_1_8' title="bbox 98 1291 1227 1369; baseline 0.003 -20"><span class='ocrx_word' id='word_1_65' title='bbox 98 1291 193 1369; x_wconf 79' lang='lat' dir='ltr'><strong>age“;</strong></span> <span class='ocrx_word' id='word_1_66' title='bbox 217 1293 258 1352; x_wconf 93' lang='lat' dir='ltr'><strong>ib.</strong></span> <span class='ocrx_word' id='word_1_67' title='bbox 286 1295 356 1365; x_wconf 87' lang='grc'>350,</span> <span class='ocrx_word' id='word_1_68' title='bbox 381 1294 419 1352; x_wconf 87' lang='lat' dir='ltr'><strong>al.</strong></span> <span class='ocrx_word' id='word_1_69' title='bbox 463 1293 540 1352; x_wconf 88' lang='lat' dir='ltr'><strong>Eun.</strong></span> <span class='ocrx_word' id='word_1_70' title='bbox 566 1295 641 1352; x_wconf 76' lang='lat'>348:</span> <span class='ocrx_word' id='word_1_71' title='bbox 669 1294 770 1367; x_wconf 85' lang='lat' dir='ltr'><strong>„Alias</strong></span> <span class='ocrx_word' id='word_1_72' title='bbox 792 1313 842 1352; x_wconf 88' lang='lat' dir='ltr'><strong>res</strong></span> <span class='ocrx_word' id='word_1_73' title='bbox 866 1291 960 1367; x_wconf 81' lang='lat' dir='ltr'><strong>agis“.</strong></span> <span class='ocrx_word' id='word_1_74' title='bbox 984 1294 1021 1352; x_wconf 89' lang='lat' dir='ltr'><strong>al.</strong></span> <span class='ocrx_word' id='word_1_75' title='bbox 1045 1321 1087 1332; x_wconf 95' lang='lat'>—</span> <span class='ocrx_word' id='word_1_76' title='bbox 1110 1295 1158 1352; x_wconf 87' lang='grc'><strong>76.</strong></span> <span class='ocrx_word' id='word_1_77' title='bbox 1183 1293 1227 1352; x_wconf 86' lang='lat' dir='ltr'><strong>Ne</strong></span> 
     </span>
     <span class='ocr_line' id='line_1_9' title="bbox 96 1393 1227 1480; baseline 0.003 -28"><span class='ocrx_word' id='word_1_78' title='bbox 96 1405 252 1480; x_wconf 24' lang='lat' dir='ltr'><strong>portsapo</strong></span> <span class='ocrx_word' id='word_1_79' title='bbox 274 1395 373 1454; x_wconf 87' lang='lat' dir='ltr'><strong>hiatus</strong></span> <span class='ocrx_word' id='word_1_80' title='bbox 396 1399 450 1468; x_wconf 89' lang='lat' dir='ltr'><strong>sit,</strong></span> <span class='ocrx_word' id='word_1_81' title='bbox 480 1397 581 1460; x_wconf 89' lang='lat' dir='ltr'><strong>Herm.</strong></span> <span class='ocrx_word' id='word_1_82' title='bbox 605 1396 640 1454; x_wconf 89' lang='lat' dir='ltr'><strong>R.</strong></span> <span class='ocrx_word' id='word_1_83' title='bbox 661 1393 726 1454; x_wconf 79' lang='lat' dir='ltr'><strong>Fl:</strong></span> <span class='ocrx_word' id='word_1_84' title='bbox 765 1395 849 1468; x_wconf 86' lang='lat' dir='ltr'><strong>„Scio</strong></span> <span class='ocrx_word' id='word_1_85' title='bbox 879 1414 933 1469; x_wconf 81' lang='lat' dir='ltr'><strong>ego</strong></span> <span class='ocrx_word' id='word_1_86' title='bbox 958 1395 1030 1471; x_wconf 91' lang='lat' dir='ltr'><strong>quid</strong></span> <span class='ocrx_word' id='word_1_87' title='bbox 1053 1395 1139 1472; x_wconf 83' lang='lat' dir='ltr'><strong>ago“.</strong></span> <span class='ocrx_word' id='word_1_88' title='bbox 1185 1396 1227 1455; x_wconf 90' lang='lat' dir='ltr'><strong>De</strong></span> 
     </span>
     <span class='ocr_line' id='line_1_10' title="bbox 98 1491 1226 1576; baseline 0.004 -22"><span class='ocrx_word' id='word_1_89' title='bbox 98 1497 268 1556; x_wconf 88' lang='lat' dir='ltr'><strong>indicativo</strong></span> <span class='ocrx_word' id='word_1_90' title='bbox 301 1499 361 1556; x_wconf 84' lang='lat' dir='ltr'><strong>rid.</strong></span> <span class='ocrx_word' id='word_1_91' title='bbox 386 1498 424 1556; x_wconf 91' lang='lat' dir='ltr'><strong>ad</strong></span> <span class='ocrx_word' id='word_1_92' title='bbox 450 1499 557 1574; x_wconf 86' lang='lat' dir='ltr'><strong>Amph.</strong></span> <span class='ocrx_word' id='word_1_93' title='bbox 590 1501 637 1558; x_wconf 80' lang='lat'><strong>17.</strong></span> <span class='ocrx_word' id='word_1_94' title='bbox 671 1529 713 1538; x_wconf 94' lang='grc'>-</span> <span class='ocrx_word' id='word_1_95' title='bbox 748 1494 826 1573; x_wconf 73' lang='lat' dir='ltr'><strong>quid</strong></span> <span class='ocrx_word' id='word_1_96' title='bbox 858 1491 932 1556; x_wconf 78' lang='lat' dir='ltr'><strong>ais?</strong></span> <span class='ocrx_word' id='word_1_97' title='bbox 965 1497 1024 1556; x_wconf 89' lang='lat' dir='ltr'><strong>vid.</strong></span> <span class='ocrx_word' id='word_1_98' title='bbox 1053 1499 1090 1556; x_wconf 88' lang='lat' dir='ltr'><strong>ad</strong></span> <span class='ocrx_word' id='word_1_99' title='bbox 1119 1499 1226 1576; x_wconf 87' lang='lat' dir='ltr'><strong>Amph.</strong></span> 
     </span>
     <span class='ocr_line' id='line_1_11' title="bbox 96 1590 1226 1678; baseline 0.002 -20"><span class='ocrx_word' id='word_1_100' title='bbox 96 1603 174 1658; x_wconf 88' lang='lat'><strong>414.</strong></span> <span class='ocrx_word' id='word_1_101' title='bbox 193 1629 236 1640; x_wconf 89' lang='grc'><strong>-</strong></span> <span class='ocrx_word' id='word_1_102' title='bbox 260 1604 309 1660; x_wconf 82' lang='grc'><strong>77.</strong></span> <span class='ocrx_word' id='word_1_103' title='bbox 333 1597 442 1660; x_wconf 79' lang='lat' dir='ltr'><strong>ueniat</strong></span> <span class='ocrx_word' id='word_1_104' title='bbox 463 1601 563 1672; x_wconf 85' lang='lat' dir='ltr'><strong>codd.;</strong></span> <span class='ocrx_word' id='word_1_105' title='bbox 592 1598 747 1673; x_wconf 84' lang='lat' dir='ltr'><strong>„eueniet“</strong></span> <span class='ocrx_word' id='word_1_106' title='bbox 774 1600 887 1658; x_wconf 86' lang='lat' dir='ltr'><strong>Camer.</strong></span> <span class='ocrx_word' id='word_1_107' title='bbox 912 1600 962 1672; x_wconf 89' lang='lat' dir='ltr'><strong>R.,</strong></span> <span class='ocrx_word' id='word_1_108' title='bbox 992 1590 1154 1678; x_wconf 77' lang='lat' dir='ltr'><strong>sinopae,</strong></span> <span class='ocrx_word' id='word_1_109' title='bbox 1191 1603 1226 1668; x_wconf 76' lang='lat' dir='ltr'><strong>cf.</strong></span> 
     </span>
     <span class='ocr_line' id='line_1_12' title="bbox 96 1703 1227 1779; baseline 0.002 -19"><span class='ocrx_word' id='word_1_110' title='bbox 96 1703 188 1778; x_wconf 86' lang='lat' dir='ltr'><strong>Capt.</strong></span> <span class='ocrx_word' id='word_1_111' title='bbox 214 1705 283 1762; x_wconf 82' lang='lat'><strong>545.</strong></span> <span class='ocrx_word' id='word_1_112' title='bbox 338 1703 408 1763; x_wconf 84' lang='lat' dir='ltr'><strong>Sall.</strong></span> <span class='ocrx_word' id='word_1_113' title='bbox 432 1704 495 1778; x_wconf 80' lang='lat' dir='ltr'><strong>Ing.</strong></span> <span class='ocrx_word' id='word_1_114' title='bbox 523 1705 596 1776; x_wconf 87' lang='grc'>103,</span> <span class='ocrx_word' id='word_1_115' title='bbox 624 1707 658 1762; x_wconf 86' lang='grc'><strong>2;</strong></span> <span class='ocrx_word' id='word_1_116' title='bbox 695 1703 898 1779; x_wconf 84' lang='lat' dir='ltr'><strong>„reputando,</strong></span> <span class='ocrx_word' id='word_1_117' title='bbox 933 1721 998 1778; x_wconf 80' lang='lat' dir='ltr'><strong>quae</strong></span> <span class='ocrx_word' id='word_1_118' title='bbox 1027 1703 1084 1762; x_wconf 90' lang='lat' dir='ltr'><strong>sihi</strong></span> <span class='ocrx_word' id='word_1_119' title='bbox 1115 1704 1227 1764; x_wconf 91' lang='lat' dir='ltr'><strong>dnobus</strong></span> 
     </span>
     <span class='ocr_line' id='line_1_13' title="bbox 96 1799 1228 1882; baseline 0.001 -20"><span class='ocrx_word' id='word_1_120' title='bbox 96 1805 215 1882; x_wconf 80' lang='lat' dir='ltr'><strong>proeliis</strong></span> <span class='ocrx_word' id='word_1_121' title='bbox 237 1801 412 1864; x_wconf 82' lang='lat' dir='ltr'><strong>venerant“.</strong></span> <span class='ocrx_word' id='word_1_122' title='bbox 436 1806 475 1864; x_wconf 94' lang='lat' dir='ltr'><strong>ib.</strong></span> <span class='ocrx_word' id='word_1_123' title='bbox 496 1808 524 1878; x_wconf 83' lang='lat'><strong>4,</strong></span> <span class='ocrx_word' id='word_1_124' title='bbox 549 1808 577 1864; x_wconf 86' lang='lat'><strong>4.</strong></span> <span class='ocrx_word' id='word_1_125' title='bbox 603 1808 630 1879; x_wconf 85' lang='grc'><strong>8,</strong></span> <span class='ocrx_word' id='word_1_126' title='bbox 656 1809 683 1865; x_wconf 91' lang='grc'><strong>2.</strong></span> <span class='ocrx_word' id='word_1_127' title='bbox 704 1806 742 1864; x_wconf 89' lang='lat' dir='ltr'><strong>al.</strong></span> <span class='ocrx_word' id='word_1_128' title='bbox 765 1835 808 1844; x_wconf 94' lang='lat'>—</span> <span class='ocrx_word' id='word_1_129' title='bbox 831 1807 879 1864; x_wconf 78' lang='lat'><strong>79.</strong></span> <span class='ocrx_word' id='word_1_130' title='bbox 904 1799 1046 1864; x_wconf 78' lang='lat' dir='ltr'><strong>accubem</strong></span> <span class='ocrx_word' id='word_1_131' title='bbox 1058 1804 1172 1864; x_wconf 87' lang='lat' dir='ltr'><strong>Camer.</strong></span> <span class='ocrx_word' id='word_1_132' title='bbox 1186 1837 1228 1846; x_wconf 90' lang='lat'><strong>-—</strong></span> 
     </span>
     <span class='ocr_line' id='line_1_14' title="bbox 97 1907 1227 1985; baseline -0.001 -18"><span class='ocrx_word' id='word_1_133' title='bbox 97 1911 137 1967; x_wconf 89' lang='lat'><strong>81</strong></span> <span class='ocrx_word' id='word_1_134' title='bbox 166 1929 210 1984; x_wconf 91' lang='lat' dir='ltr'><strong>sq.</strong></span> <span class='ocrx_word' id='word_1_135' title='bbox 235 1907 415 1966; x_wconf 85' lang='lat' dir='ltr'><strong>Ritschelius</strong></span> <span class='ocrx_word' id='word_1_136' title='bbox 437 1910 568 1966; x_wconf 87' lang='lat' dir='ltr'><strong>numeris</strong></span> <span class='ocrx_word' id='word_1_137' title='bbox 590 1927 695 1985; x_wconf 87' lang='lat' dir='ltr'><strong>parum</strong></span> <span class='ocrx_word' id='word_1_138' title='bbox 719 1913 875 1967; x_wconf 87' lang='lat' dir='ltr'><strong>contentus</strong></span> <span class='ocrx_word' id='word_1_139' title='bbox 898 1907 1008 1965; x_wconf 83' lang='lat' dir='ltr'><strong>edidit:</strong></span> <span class='ocrx_word' id='word_1_140' title='bbox 1045 1907 1122 1980; x_wconf 83' lang='lat' dir='ltr'><strong>„Ubi</strong></span> <span class='ocrx_word' id='word_1_141' title='bbox 1144 1909 1227 1968; x_wconf 91' lang='lat' dir='ltr'><strong>uoles</strong></span> 
     </span>
     <span class='ocr_line' id='line_1_15' title="bbox 97 2007 1227 2088; baseline 0 -20"><span class='ocrx_word' id='word_1_142' title='bbox 97 2017 132 2068; x_wconf 93' lang='lat' dir='ltr'><strong>tu</strong></span> <span class='ocrx_word' id='word_1_143' title='bbox 157 2011 215 2071; x_wconf 82' lang='lat' dir='ltr'><strong>tibi</strong></span> <span class='ocrx_word' id='word_1_144' title='bbox 238 2031 303 2069; x_wconf 82' lang='lat' dir='ltr'><strong>esse</strong></span> <span class='ocrx_word' id='word_1_145' title='bbox 326 2007 442 2087; x_wconf 83' lang='lat' dir='ltr'><strong>lepide“</strong></span> <span class='ocrx_word' id='word_1_146' title='bbox 469 2017 500 2068; x_wconf 91' lang='lat' dir='ltr'><strong>et</strong></span> <span class='ocrx_word' id='word_1_147' title='bbox 525 2011 588 2083; x_wconf 90' lang='lat' dir='ltr'><strong>„Da</strong></span> <span class='ocrx_word' id='word_1_148' title='bbox 609 2017 644 2069; x_wconf 87' lang='lat' dir='ltr'><strong>tu</strong></span> <span class='ocrx_word' id='word_1_149' title='bbox 667 2013 719 2088; x_wconf 92' lang='lat' dir='ltr'><strong>qui</strong></span> <span class='ocrx_word' id='word_1_150' title='bbox 741 2011 815 2069; x_wconf 89' lang='lat' dir='ltr'><strong>bene</strong></span> <span class='ocrx_word' id='word_1_151' title='bbox 838 2013 891 2083; x_wconf 84' lang='lat' dir='ltr'><strong>sit,</strong></span> <span class='ocrx_word' id='word_1_152' title='bbox 922 2027 992 2084; x_wconf 83' lang='lat' dir='ltr'><strong>ego,</strong></span> <span class='ocrx_word' id='word_1_153' title='bbox 1017 2010 1069 2067; x_wconf 91' lang='lat' dir='ltr'><strong>ubi</strong></span> <span class='ocrx_word' id='word_1_154' title='bbox 1092 2008 1159 2069; x_wconf 86' lang='lat' dir='ltr'><strong>sit.“</strong></span> <span class='ocrx_word' id='word_1_155' title='bbox 1185 2040 1227 2050; x_wconf 84' lang='lat'>-</span> 
     </span>
     <span class='ocr_line' id='line_1_16' title="bbox 97 2111 1225 2190; baseline -0.002 -18"><span class='ocrx_word' id='word_1_156' title='bbox 97 2115 150 2172; x_wconf 83' lang='grc'><strong>83.</strong></span> <span class='ocrx_word' id='word_1_157' title='bbox 177 2111 301 2170; x_wconf 79' lang='lat' dir='ltr'><strong>Versum</strong></span> <span class='ocrx_word' id='word_1_158' title='bbox 326 2113 454 2172; x_wconf 87' lang='lat' dir='ltr'><strong>afferunt</strong></span> <span class='ocrx_word' id='word_1_159' title='bbox 473 2119 503 2171; x_wconf 89' lang='lat' dir='ltr'><strong>et</strong></span> <span class='ocrx_word' id='word_1_160' title='bbox 516 2113 666 2174; x_wconf 84' lang='lat' dir='ltr'><strong>Charisius</strong></span> <span class='ocrx_word' id='word_1_161' title='bbox 685 2135 714 2190; x_wconf 90' lang='lat' dir='ltr'><strong>p.</strong></span> <span class='ocrx_word' id='word_1_162' title='bbox 730 2115 788 2172; x_wconf 90' lang='grc'><strong>221</strong></span> <span class='ocrx_word' id='word_1_163' title='bbox 803 2113 838 2172; x_wconf 86' lang='grc' dir='ltr'><strong>Κ.</strong></span> <span class='ocrx_word' id='word_1_164' title='bbox 853 2119 883 2169; x_wconf 86' lang='lat' dir='ltr'><strong>et</strong></span> <span class='ocrx_word' id='word_1_165' title='bbox 894 2112 1013 2170; x_wconf 82' lang='lat' dir='ltr'><strong>Servius</strong></span> <span class='ocrx_word' id='word_1_166' title='bbox 1037 2113 1074 2170; x_wconf 82' lang='lat' dir='ltr'><strong>ad</strong></span> <span class='ocrx_word' id='word_1_167' title='bbox 1091 2112 1160 2171; x_wconf 82' lang='lat' dir='ltr'><strong>AEn.</strong></span> <span class='ocrx_word' id='word_1_168' title='bbox 1174 2112 1225 2184; x_wconf 84' lang='lat' dir='ltr'><strong>IX,</strong></span> 
     </span>
     <span class='ocr_line' id='line_1_17' title="bbox 98 2209 1226 2290; baseline -0.001 -17"><span class='ocrx_word' id='word_1_169' title='bbox 98 2217 173 2285; x_wconf 87' lang='grc'><strong>329,</strong></span> <span class='ocrx_word' id='word_1_170' title='bbox 188 2214 313 2273; x_wconf 88' lang='lat' dir='ltr'><strong>sedhic:</strong></span> <span class='ocrx_word' id='word_1_171' title='bbox 331 2217 475 2290; x_wconf 79' lang='lat' dir='ltr'><strong>„Magnus</strong></span> <span class='ocrx_word' id='word_1_172' title='bbox 488 2221 533 2274; x_wconf 89' lang='lat' dir='ltr'><strong>est</strong></span> <span class='ocrx_word' id='word_1_173' title='bbox 543 2217 590 2275; x_wconf 91' lang='lat' dir='ltr'><strong>hic</strong></span> <span class='ocrx_word' id='word_1_174' title='bbox 601 2214 736 2274; x_wconf 84' lang='lat' dir='ltr'><strong>fluvius.“</strong></span> <span class='ocrx_word' id='word_1_175' title='bbox 754 2245 791 2256; x_wconf 90' lang='lat'><strong>--</strong></span> <span class='ocrx_word' id='word_1_176' title='bbox 807 2217 855 2274; x_wconf 83' lang='lat'><strong>85.</strong></span> <span class='ocrx_word' id='word_1_177' title='bbox 874 2209 925 2274; x_wconf 81' lang='lat' dir='ltr'><strong>Ah</strong></span> <span class='ocrx_word' id='word_1_178' title='bbox 940 2215 1010 2272; x_wconf 93' lang='lat' dir='ltr'><strong>olim</strong></span> <span class='ocrx_word' id='word_1_179' title='bbox 1024 2215 1226 2287; x_wconf 64' lang='lat' dir='ltr'><strong>emendatum</strong></span> 
     </span>
     <span class='ocr_line' id='line_1_18' title="bbox 98 2314 1228 2394; baseline -0.001 -20"><span class='ocrx_word' id='word_1_180' title='bbox 98 2317 187 2375; x_wconf 88' lang='lat' dir='ltr'><strong>codd.</strong></span> <span class='ocrx_word' id='word_1_181' title='bbox 204 2315 312 2391; x_wconf 85' lang='lat' dir='ltr'><strong>„aha“.</strong></span> <span class='ocrx_word' id='word_1_182' title='bbox 324 2349 366 2358; x_wconf 92' lang='lat'>-</span> <span class='ocrx_word' id='word_1_183' title='bbox 384 2314 604 2390; x_wconf 50' lang='lat' dir='ltr'><strong>illecebrosius</strong></span> <span class='ocrx_word' id='word_1_184' title='bbox 623 2319 830 2378; x_wconf 75' lang='lat' dir='ltr'><strong>illecebrarum</strong></span> <span class='ocrx_word' id='word_1_185' title='bbox 843 2319 969 2394; x_wconf 86' lang='lat' dir='ltr'><strong>plenius.</strong></span> <span class='ocrx_word' id='word_1_186' title='bbox 1001 2317 1110 2374; x_wconf 90' lang='lat' dir='ltr'><strong>Locum</strong></span> <span class='ocrx_word' id='word_1_187' title='bbox 1124 2317 1228 2376; x_wconf 88' lang='lat' dir='ltr'><strong>laudat</strong></span> 
     </span>
     <span class='ocr_line' id='line_1_19' title="bbox 98 2419 1225 2497; baseline 0 -19"><span class='ocrx_word' id='word_1_188' title='bbox 98 2420 254 2478; x_wconf 83' lang='lat' dir='ltr'><strong>Charisius</strong></span> <span class='ocrx_word' id='word_1_189' title='bbox 277 2441 307 2497; x_wconf 92' lang='lat' dir='ltr'><strong>p.</strong></span> <span class='ocrx_word' id='word_1_190' title='bbox 327 2423 386 2480; x_wconf 87' lang='grc'><strong>203</strong></span> <span class='ocrx_word' id='word_1_191' title='bbox 407 2422 444 2478; x_wconf 90' lang='lat' dir='ltr'><strong>K.</strong></span> <span class='ocrx_word' id='word_1_192' title='bbox 468 2428 498 2479; x_wconf 87' lang='lat' dir='ltr'><strong>et</strong></span> <span class='ocrx_word' id='word_1_193' title='bbox 516 2421 651 2480; x_wconf 83' lang='lat' dir='ltr'><strong>Donatus</strong></span> <span class='ocrx_word' id='word_1_194' title='bbox 670 2420 708 2478; x_wconf 87' lang='lat' dir='ltr'><strong>ad</strong></span> <span class='ocrx_word' id='word_1_195' title='bbox 724 2419 851 2496; x_wconf 84' lang='lat' dir='ltr'><strong>Adelph.</strong></span> <span class='ocrx_word' id='word_1_196' title='bbox 871 2423 942 2493; x_wconf 84' lang='grc'>470,</span> <span class='ocrx_word' id='word_1_197' title='bbox 968 2421 1050 2478; x_wconf 89' lang='lat' dir='ltr'><strong>cuius</strong></span> <span class='ocrx_word' id='word_1_198' title='bbox 1067 2419 1112 2478; x_wconf 88' lang='lat' dir='ltr'><strong>ed.</strong></span> <span class='ocrx_word' id='word_1_199' title='bbox 1131 2423 1225 2496; x_wconf 86' lang='lat' dir='ltr'><strong>prino.</strong></span> 
     </span>
     <span class='ocr_line' id='line_1_20' title="bbox 98 2522 1228 2598; baseline -0.001 -18"><span class='ocrx_word' id='word_1_200' title='bbox 98 2523 164 2581; x_wconf 78' lang='lat' dir='ltr'><strong>haec</strong></span> <span class='ocrx_word' id='word_1_201' title='bbox 192 2522 298 2582; x_wconf 85' lang='lat' dir='ltr'><strong>habet:</strong></span> <span class='ocrx_word' id='word_1_202' title='bbox 340 2523 436 2596; x_wconf 80' lang='lat' dir='ltr'><strong>„Quid</strong></span> <span class='ocrx_word' id='word_1_203' title='bbox 470 2524 526 2583; x_wconf 91' lang='lat' dir='ltr'><strong>hcc</strong></span> <span class='ocrx_word' id='word_1_204' title='bbox 559 2524 764 2582; x_wconf 88' lang='lat' dir='ltr'><strong>illecebrosius</strong></span> <span class='ocrx_word' id='word_1_205' title='bbox 791 2522 856 2582; x_wconf 88' lang='lat' dir='ltr'><strong>fieri</strong></span> <span class='ocrx_word' id='word_1_206' title='bbox 884 2527 998 2598; x_wconf 87' lang='lat' dir='ltr'><strong>potest,</strong></span> <span class='ocrx_word' id='word_1_207' title='bbox 1033 2542 1091 2580; x_wconf 88' lang='lat' dir='ltr'><strong>nox</strong></span> <span class='ocrx_word' id='word_1_208' title='bbox 1119 2522 1228 2580; x_wconf 89' lang='lat' dir='ltr'><strong>mulier</strong></span> 
     </span>
     <span class='ocr_line' id='line_1_21' title="bbox 98 2623 1225 2702; baseline -0.001 -19"><span class='ocrx_word' id='word_1_209' title='bbox 98 2626 203 2683; x_wconf 90' lang='lat' dir='ltr'><strong>uinum</strong></span> <span class='ocrx_word' id='word_1_210' title='bbox 227 2624 416 2684; x_wconf 80' lang='lat' dir='ltr'><strong>hominibus?</strong></span> <span class='ocrx_word' id='word_1_211' title='bbox 440 2626 513 2702; x_wconf 89' lang='lat' dir='ltr'><strong>qnid</strong></span> <span class='ocrx_word' id='word_1_212' title='bbox 535 2627 590 2686; x_wconf 92' lang='lat' dir='ltr'><strong>hoc</strong></span> <span class='ocrx_word' id='word_1_213' title='bbox 607 2625 812 2684; x_wconf 82' lang='lat' dir='ltr'><strong>illecebrosius</strong></span> <span class='ocrx_word' id='word_1_214' title='bbox 829 2625 943 2684; x_wconf 90' lang='lat' dir='ltr'><strong>homini</strong></span> <span class='ocrx_word' id='word_1_215' title='bbox 962 2623 1225 2684; x_wconf 74' lang='lat' dir='ltr'><strong>adulescentulo?“</strong></span> 
     </span>
     <span class='ocr_line' id='line_1_22' title="bbox 99 2724 1230 2805; baseline 0 -19"><span class='ocrx_word' id='word_1_216' title='bbox 99 2727 160 2786; x_wconf 85' lang='lat' dir='ltr'><strong>Sed</strong></span> <span class='ocrx_word' id='word_1_217' title='bbox 183 2729 280 2786; x_wconf 87' lang='lat' dir='ltr'><strong>oratio</strong></span> <span class='ocrx_word' id='word_1_218' title='bbox 309 2730 416 2786; x_wconf 88' lang='lat' dir='ltr'><strong>misere</strong></span> <span class='ocrx_word' id='word_1_219' title='bbox 444 2729 515 2786; x_wconf 83' lang='lat' dir='ltr'><strong>hiat.</strong></span> <span class='ocrx_word' id='word_1_220' title='bbox 572 2729 634 2786; x_wconf 90' lang='lat' dir='ltr'><strong>Aut</strong></span> <span class='ocrx_word' id='word_1_221' title='bbox 662 2729 781 2786; x_wconf 88' lang='lat' dir='ltr'><strong>nomina</strong></span> <span class='ocrx_word' id='word_1_222' title='bbox 807 2728 955 2786; x_wconf 85' lang='lat' dir='ltr'><strong>vocabulo</strong></span> <span class='ocrx_word' id='word_1_223' title='bbox 982 2724 1063 2786; x_wconf 75' lang='lat' dir='ltr'><strong>istoc</strong></span> <span class='ocrx_word' id='word_1_224' title='bbox 1090 2729 1230 2805; x_wconf 89' lang='lat' dir='ltr'><strong>apposita</strong></span> 
     </span>
     <span class='ocr_line' id='line_1_23' title="bbox 99 2829 1242 2908; baseline 0 -20"><span class='ocrx_word' id='word_1_225' title='bbox 99 2831 235 2889; x_wconf 82' lang='lat' dir='ltr'><strong>ablativo</strong></span> <span class='ocrx_word' id='word_1_226' title='bbox 258 2849 329 2888; x_wconf 89' lang='lat' dir='ltr'><strong>casu</strong></span> <span class='ocrx_word' id='word_1_227' title='bbox 350 2830 489 2908; x_wconf 87' lang='lat' dir='ltr'><strong>ponenda</strong></span> <span class='ocrx_word' id='word_1_228' title='bbox 511 2837 609 2903; x_wconf 88' lang='lat' dir='ltr'><strong>erant,</strong></span> <span class='ocrx_word' id='word_1_229' title='bbox 639 2839 691 2889; x_wconf 90' lang='lat' dir='ltr'><strong>aut</strong></span> <span class='ocrx_word' id='word_1_230' title='bbox 714 2845 808 2907; x_wconf 74' lang='lat' dir='ltr'><strong>quum</strong></span> <span class='ocrx_word' id='word_1_231' title='bbox 829 2830 900 2888; x_wconf 88' lang='lat' dir='ltr'><strong>addi</strong></span> <span class='ocrx_word' id='word_1_232' title='bbox 923 2829 1065 2902; x_wconf 84' lang='lat' dir='ltr'><strong>debebat,</strong></span> <span class='ocrx_word' id='word_1_233' title='bbox 1095 2830 1175 2906; x_wconf 92' lang='lat' dir='ltr'><strong>quod</strong></span> <span class='ocrx_word' id='word_1_234' title='bbox 1199 2833 1242 2908; x_wconf 68' lang='lat' dir='ltr'><strong>ln.</strong></span> 
     </span>
     <span class='ocr_line' id='line_1_24' title="bbox 101 2931 1229 3009; baseline 0.001 -20"><span class='ocrx_word' id='word_1_235' title='bbox 101 2933 221 3008; x_wconf 81' lang='lat' dir='ltr'><strong>vulgari</strong></span> <span class='ocrx_word' id='word_1_236' title='bbox 254 2931 408 2990; x_wconf 89' lang='lat' dir='ltr'><strong>hominum</strong></span> <span class='ocrx_word' id='word_1_237' title='bbox 438 2953 572 2992; x_wconf 87' lang='lat' dir='ltr'><strong>sermons</strong></span> <span class='ocrx_word' id='word_1_238' title='bbox 605 2932 756 2992; x_wconf 87' lang='lat' dir='ltr'><strong>interdum</strong></span> <span class='ocrx_word' id='word_1_239' title='bbox 789 2937 858 3008; x_wconf 87' lang='lat' dir='ltr'><strong>post</strong></span> <span class='ocrx_word' id='word_1_240' title='bbox 885 2931 1047 2991; x_wconf 83' lang='lat' dir='ltr'><strong>ablativum</strong></span> <span class='ocrx_word' id='word_1_241' title='bbox 1077 2953 1229 3009; x_wconf 85' lang='lat' dir='ltr'><strong>compara-</strong></span> 
     </span>
     <span class='ocr_line' id='line_1_25' title="bbox 101 3033 1226 3108; baseline -0.001 -16"><span class='ocrx_word' id='word_1_242' title='bbox 101 3036 197 3094; x_wconf 84' lang='lat' dir='ltr'><strong>tionis</strong></span> <span class='ocrx_word' id='word_1_243' title='bbox 220 3034 362 3108; x_wconf 86' lang='lat' dir='ltr'><strong>abundat,</strong></span> <span class='ocrx_word' id='word_1_244' title='bbox 385 3035 446 3094; x_wconf 87' lang='lat' dir='ltr'><strong>vid.</strong></span> <span class='ocrx_word' id='word_1_245' title='bbox 470 3035 508 3092; x_wconf 87' lang='lat' dir='ltr'><strong>ad</strong></span> <span class='ocrx_word' id='word_1_246' title='bbox 529 3037 612 3094; x_wconf 89' lang='lat' dir='ltr'><strong>Asin.</strong></span> <span class='ocrx_word' id='word_1_247' title='bbox 638 3035 715 3107; x_wconf 84' lang='grc'><strong>432;</strong></span> <span class='ocrx_word' id='word_1_248' title='bbox 739 3033 806 3092; x_wconf 90' lang='lat' dir='ltr'><strong>add.</strong></span> <span class='ocrx_word' id='word_1_249' title='bbox 830 3034 906 3092; x_wconf 89' lang='lat' dir='ltr'><strong>Plin.</strong></span> <span class='ocrx_word' id='word_1_250' title='bbox 920 3035 957 3092; x_wconf 91' lang='lat' dir='ltr'><strong>H.</strong></span> <span class='ocrx_word' id='word_1_251' title='bbox 970 3034 1006 3094; x_wconf 88' lang='lat' dir='ltr'><strong>N.</strong></span> <span class='ocrx_word' id='word_1_252' title='bbox 1025 3034 1146 3106; x_wconf 82' lang='lat' dir='ltr'>XXXV,</span> <span class='ocrx_word' id='word_1_253' title='bbox 1174 3036 1226 3094; x_wconf 86' lang='grc' dir='ltr'><strong>1οε</strong></span> 
     </span>
     <span class='ocr_line' id='line_1_26' title="bbox 104 3137 1230 3218; baseline -0.001 -23"><span class='ocrx_word' id='word_1_254' title='bbox 104 3137 305 3218; x_wconf 21' lang='lat' dir='ltr'><strong>„Quo-maius</strong></span> <span class='ocrx_word' id='word_1_255' title='bbox 324 3138 438 3196; x_wconf 90' lang='lat' dir='ltr'><strong>nullum</strong></span> <span class='ocrx_word' id='word_1_256' title='bbox 458 3143 503 3196; x_wconf 88' lang='lat' dir='ltr'><strong>est</strong></span> <span class='ocrx_word' id='word_1_257' title='bbox 521 3137 673 3194; x_wconf 86' lang='lat' dir='ltr'><strong>felicitatis</strong></span> <span class='ocrx_word' id='word_1_258' title='bbox 696 3139 853 3211; x_wconf 88' lang='lat' dir='ltr'><strong>specimen,</strong></span> <span class='ocrx_word' id='word_1_259' title='bbox 878 3155 966 3212; x_wconf 86' lang='lat' dir='ltr'><strong>quam</strong></span> <span class='ocrx_word' id='word_1_260' title='bbox 990 3157 1107 3212; x_wconf 87' lang='lat' dir='ltr'><strong>semper</strong></span> <span class='ocrx_word' id='word_1_261' title='bbox 1130 3156 1230 3195; x_wconf 86' lang='lat' dir='ltr'><strong>omnes</strong></span> 
     </span>
     <span class='ocr_line' id='line_1_27' title="bbox 101 3237 1230 3317; baseline -0.002 -19"><span class='ocrx_word' id='word_1_262' title='bbox 101 3242 179 3298; x_wconf 88' lang='lat' dir='ltr'><strong>scire</strong></span> <span class='ocrx_word' id='word_1_263' title='bbox 203 3259 318 3317; x_wconf 87' lang='lat' dir='ltr'><strong>cupere,</strong></span> <span class='ocrx_word' id='word_1_264' title='bbox 343 3240 440 3317; x_wconf 86' lang='lat' dir='ltr'><strong>qualis</strong></span> <span class='ocrx_word' id='word_1_265' title='bbox 463 3241 554 3298; x_wconf 86' lang='lat' dir='ltr'><strong>fuerit</strong></span> <span class='ocrx_word' id='word_1_266' title='bbox 577 3237 716 3315; x_wconf 85' lang='lat' dir='ltr'><strong>aliquis“.</strong></span> <span class='ocrx_word' id='word_1_267' title='bbox 762 3238 823 3296; x_wconf 87' lang='lat' dir='ltr'><strong>Nec</strong></span> <span class='ocrx_word' id='word_1_268' title='bbox 843 3237 955 3311; x_wconf 89' lang='lat' dir='ltr'><strong>dubito,</strong></span> <span class='ocrx_word' id='word_1_269' title='bbox 981 3241 1051 3314; x_wconf 89' lang='lat' dir='ltr'><strong>quin</strong></span> <span class='ocrx_word' id='word_1_270' title='bbox 1076 3239 1138 3296; x_wconf 79' lang='lat' dir='ltr'><strong>haec</strong></span> <span class='ocrx_word' id='word_1_271' title='bbox 1162 3258 1230 3296; x_wconf 90' lang='lat' dir='ltr'><strong>con-</strong></span> 
     </span>
     <span class='ocr_line' id='line_1_28' title="bbox 99 3340 1230 3417; baseline 0.001 -18"><span class='ocrx_word' id='word_1_272' title='bbox 99 3343 215 3400; x_wconf 88' lang='lat' dir='ltr'><strong>iunctio</strong></span> <span class='ocrx_word' id='word_1_273' title='bbox 248 3342 409 3414; x_wconf 86' lang='lat' dir='ltr'><strong>exciderit,</strong></span> <span class='ocrx_word' id='word_1_274' title='bbox 444 3363 477 3400; x_wconf 91' lang='lat' dir='ltr'><strong>ac</strong></span> <span class='ocrx_word' id='word_1_275' title='bbox 511 3340 697 3400; x_wconf 88' lang='lat' dir='ltr'><strong>scribendum</strong></span> <span class='ocrx_word' id='word_1_276' title='bbox 731 3343 784 3412; x_wconf 88' lang='lat' dir='ltr'><strong>sit,</strong></span> <span class='ocrx_word' id='word_1_277' title='bbox 820 3341 901 3417; x_wconf 89' lang='lat' dir='ltr'><strong>quod</strong></span> <span class='ocrx_word' id='word_1_278' title='bbox 930 3345 1019 3400; x_wconf 86' lang='lat' dir='ltr'><strong>etiam</strong></span> <span class='ocrx_word' id='word_1_279' title='bbox 1049 3340 1169 3400; x_wconf 86' lang='lat' dir='ltr'><strong>Gertzio</strong></span> <span class='ocrx_word' id='word_1_280' title='bbox 1199 3343 1230 3400; x_wconf 87' lang='lat' dir='ltr'><strong>in</strong></span> 
     </span>
     <span class='ocr_line' id='line_1_29' title="bbox 100 3443 1269 3522; baseline 0 -20"><span class='ocrx_word' id='word_1_281' title='bbox 100 3451 232 3502; x_wconf 87' lang='lat' dir='ltr'><strong>mentem</strong></span> <span class='ocrx_word' id='word_1_282' title='bbox 255 3449 345 3517; x_wconf 87' lang='lat' dir='ltr'><strong>venit,</strong></span> <span class='ocrx_word' id='word_1_283' title='bbox 373 3451 461 3521; x_wconf 87' lang='lat' dir='ltr'><strong>„pote</strong></span> <span class='ocrx_word' id='word_1_284' title='bbox 484 3443 603 3520; x_wconf 86' lang='lat' dir='ltr'><strong>qnam“.</strong></span> <span class='ocrx_word' id='word_1_285' title='bbox 648 3443 696 3501; x_wconf 93' lang='lat' dir='ltr'><strong>Ad</strong></span> <span class='ocrx_word' id='word_1_286' title='bbox 719 3444 896 3502; x_wconf 85' lang='lat' dir='ltr'><strong>sententiam</strong></span> <span class='ocrx_word' id='word_1_287' title='bbox 920 3445 1086 3521; x_wconf 88' lang='lat' dir='ltr'><strong>comparari</strong></span> <span class='ocrx_word' id='word_1_288' title='bbox 1107 3449 1231 3522; x_wconf 87' lang='lat' dir='ltr'><strong>possunt</strong></span> <span class='ocrx_word' id='word_1_289' title='bbox 1258 3469 1269 3488; x_wconf 58' lang='grc' dir='ltr'><em>ι</em></span> 
     </span>
     <span class='ocr_line' id='line_1_30' title="bbox 101 3545 1232 3622; baseline 0.001 -17"><span class='ocrx_word' id='word_1_290' title='bbox 101 3548 161 3606; x_wconf 90' lang='lat' dir='ltr'><strong>loci</strong></span> <span class='ocrx_word' id='word_1_291' title='bbox 189 3545 228 3604; x_wconf 89' lang='lat' dir='ltr'><strong>ad</strong></span> <span class='ocrx_word' id='word_1_292' title='bbox 255 3547 323 3606; x_wconf 91' lang='lat' dir='ltr'><strong>Aul.</strong></span> <span class='ocrx_word' id='word_1_293' title='bbox 348 3549 408 3606; x_wconf 79' lang='lat'><strong>738</strong></span> <span class='ocrx_word' id='word_1_294' title='bbox 439 3547 533 3606; x_wconf 87' lang='lat' dir='ltr'><strong>allati.</strong></span> <span class='ocrx_word' id='word_1_295' title='bbox 591 3546 633 3604; x_wconf 87' lang='lat' dir='ltr'><strong>De</strong></span> <span class='ocrx_word' id='word_1_296' title='bbox 664 3547 808 3622; x_wconf 83' lang='lat' dir='ltr'><strong>asyndato</strong></span> <span class='ocrx_word' id='word_1_297' title='bbox 836 3548 872 3604; x_wconf 89' lang='lat' dir='ltr'><strong>cf.</strong></span> <span class='ocrx_word' id='word_1_298' title='bbox 896 3547 933 3604; x_wconf 87' lang='lat' dir='ltr'><strong>ad</strong></span> <span class='ocrx_word' id='word_1_299' title='bbox 963 3547 1070 3622; x_wconf 90' lang='lat' dir='ltr'><strong>Amph.</strong></span> <span class='ocrx_word' id='word_1_300' title='bbox 1095 3549 1165 3607; x_wconf 81' lang='lat'><strong>891.</strong></span> <span class='ocrx_word' id='word_1_301' title='bbox 1190 3577 1232 3586; x_wconf 91' lang='lat'><em>-</em></span> 
     </span>
     <span class='ocr_line' id='line_1_31' title="bbox 102 3643 1230 3727; baseline 0.001 -20"><span class='ocrx_word' id='word_1_302' title='bbox 102 3651 154 3708; x_wconf 80' lang='lat'><strong>87.</strong></span> <span class='ocrx_word' id='word_1_303' title='bbox 188 3643 258 3726; x_wconf 67' lang='lat' dir='ltr'><strong>Ape</strong></span> <span class='ocrx_word' id='word_1_304' title='bbox 290 3645 398 3727; x_wconf 71' lang='lat' dir='ltr'><strong>iqihsr,</strong></span> <span class='ocrx_word' id='word_1_305' title='bbox 429 3645 490 3709; x_wconf 76' lang='lat' dir='ltr'><strong>slav.</strong></span> <span class='ocrx_word' id='word_1_306' title='bbox 547 3647 584 3707; x_wconf 87' lang='lat' dir='ltr'><strong>Se</strong></span> <span class='ocrx_word' id='word_1_307' title='bbox 623 3668 685 3707; x_wconf 88' lang='lat' dir='ltr'><strong>rem</strong></span> <span class='ocrx_word' id='word_1_308' title='bbox 723 3669 829 3726; x_wconf 87' lang='lat' dir='ltr'><strong>parum</strong></span> <span class='ocrx_word' id='word_1_309' title='bbox 870 3669 973 3708; x_wconf 84' lang='lat' dir='ltr'><strong>curare</strong></span> <span class='ocrx_word' id='word_1_310' title='bbox 1007 3651 1135 3708; x_wconf 84' lang='lat' dir='ltr'><strong>simulat.</strong></span> <span class='ocrx_word' id='word_1_311' title='bbox 1188 3649 1230 3708; x_wconf 87' lang='lat' dir='ltr'><strong>Cf.</strong></span> 
     </span>
     <span class='ocr_line' id='line_1_32' title="bbox 101 3749 1264 3841; baseline 0.001 -32"><span class='ocrx_word' id='word_1_312' title='bbox 101 3751 212 3809; x_wconf 83' lang='lat' dir='ltr'><strong>Pseud.</strong></span> <span class='ocrx_word' id='word_1_313' title='bbox 251 3752 347 3811; x_wconf 77' lang='lat'>1324:</span> <span class='ocrx_word' id='word_1_314' title='bbox 391 3753 473 3828; x_wconf 82' lang='lat' dir='ltr'><strong>„Age</strong></span> <span class='ocrx_word' id='word_1_315' title='bbox 506 3749 608 3810; x_wconf 82' lang='lat' dir='ltr'><strong>sans“.</strong></span> <span class='ocrx_word' id='word_1_316' title='bbox 664 3751 732 3810; x_wconf 86' lang='lat' dir='ltr'><strong>Ter.</strong></span> <span class='ocrx_word' id='word_1_317' title='bbox 771 3750 888 3811; x_wconf 87' lang='lat' dir='ltr'><strong>Phorm.</strong></span> <span class='ocrx_word' id='word_1_318' title='bbox 919 3751 995 3811; x_wconf 81' lang='lat'><strong>662:</strong></span> <span class='ocrx_word' id='word_1_319' title='bbox 1034 3755 1132 3826; x_wconf 83' lang='lat' dir='ltr'><strong>„Age‚</strong></span> <span class='ocrx_word' id='word_1_320' title='bbox 1167 3773 1264 3841; x_wconf 43' lang='lat' dir='ltr'><strong>age·</strong></span> 
     </span>
     <span class='ocr_line' id='line_1_33' title="bbox 101 3851 1231 3928; baseline -0.003 -14"><span class='ocrx_word' id='word_1_321' title='bbox 101 3857 163 3914; x_wconf 89' lang='lat' dir='ltr'><strong>iam</strong></span> <span class='ocrx_word' id='word_1_322' title='bbox 186 3851 307 3912; x_wconf 88' lang='lat' dir='ltr'><strong>ducat“.</strong></span> <span class='ocrx_word' id='word_1_323' title='bbox 351 3853 407 3912; x_wconf 91' lang='lat' dir='ltr'><strong>Ad.</strong></span> <span class='ocrx_word' id='word_1_324' title='bbox 433 3855 509 3912; x_wconf 79' lang='lat'>202:</span> <span class='ocrx_word' id='word_1_325' title='bbox 546 3853 638 3927; x_wconf 61' lang='lat' dir='ltr'><strong>„Aga</strong></span> <span class='ocrx_word' id='word_1_326' title='bbox 668 3855 728 3912; x_wconf 88' lang='lat' dir='ltr'><strong>iam</strong></span> <span class='ocrx_word' id='word_1_327' title='bbox 752 3851 869 3928; x_wconf 80' lang='lat' dir='ltr'><strong>cupio“.</strong></span> <span class='ocrx_word' id='word_1_328' title='bbox 921 3854 979 3913; x_wconf 90' lang='lat' dir='ltr'><strong>Cic.</strong></span> <span class='ocrx_word' id='word_1_329' title='bbox 1004 3855 1068 3914; x_wconf 87' lang='lat' dir='ltr'><strong>Mil.</strong></span> <span class='ocrx_word' id='word_1_330' title='bbox 1095 3857 1147 3926; x_wconf 90' lang='grc'><strong>19,</strong></span> <span class='ocrx_word' id='word_1_331' title='bbox 1173 3857 1231 3912; x_wconf 81' lang='lat'><strong>49:</strong></span> 
     </span>
    </p>

    <p class='ocr_par' dir='ltr' id='par_1_3' title="bbox 102 3953 1234 4442">
     <span class='ocr_line' id='line_1_34' title="bbox 105 3953 1229 4032; baseline 0.001 -18"><span class='ocrx_word' id='word_1_332' title='bbox 105 3957 218 4032; x_wconf 51' lang='lat' dir='ltr'><strong>,‚Age‚¹</strong></span> <span class='ocrx_word' id='word_1_333' title='bbox 235 3957 275 4013; x_wconf 90' lang='lat' dir='ltr'><strong>sit</strong></span> <span class='ocrx_word' id='word_1_334' title='bbox 297 3958 341 4014; x_wconf 86' lang='lat' dir='ltr'><strong>ita</strong></span> <span class='ocrx_word' id='word_1_335' title='bbox 362 3953 505 4014; x_wconf 84' lang='lat' dir='ltr'><strong>factum“.</strong></span> <span class='ocrx_word' id='word_1_336' title='bbox 536 3984 579 3994; x_wconf 97' lang='lat'>-</span> <span class='ocrx_word' id='word_1_337' title='bbox 608 3958 656 4014; x_wconf 82' lang='grc'><strong>88.</strong></span> <span class='ocrx_word' id='word_1_338' title='bbox 688 3956 720 4014; x_wconf 76' lang='lat' dir='ltr'><strong>tu</strong></span> <span class='ocrx_word' id='word_1_339' title='bbox 743 3975 845 4013; x_wconf 86' lang='lat' dir='ltr'><strong>versus</strong></span> <span class='ocrx_word' id='word_1_340' title='bbox 869 3977 958 4015; x_wconf 83' lang='lat' dir='ltr'><strong>causa</strong></span> <span class='ocrx_word' id='word_1_341' title='bbox 981 3958 1084 4028; x_wconf 84' lang='lat' dir='ltr'><strong>omisi;</strong></span> <span class='ocrx_word' id='word_1_342' title='bbox 1115 3957 1229 4016; x_wconf 86' lang='lat' dir='ltr'><strong>Ritsch.</strong></span> 
     </span>
     <span class='ocr_line' id='line_1_35' title="bbox 102 4051 1234 4136; baseline -0.001 -20"><span class='ocrx_word' id='word_1_343' title='bbox 102 4065 236 4136; x_wconf 77' lang='lat' dir='ltr'><strong>transp:</strong></span> <span class='ocrx_word' id='word_1_344' title='bbox 264 4059 380 4131; x_wconf 80' lang='lat' dir='ltr'><strong>„nullus</strong></span> <span class='ocrx_word' id='word_1_345' title='bbox 402 4056 467 4116; x_wconf 80' lang='lat' dir='ltr'><strong>tu“.</strong></span> <span class='ocrx_word' id='word_1_346' title='bbox 513 4051 628 4130; x_wconf 67' lang='lat' dir='ltr'><strong>hubas,</strong></span> <span class='ocrx_word' id='word_1_347' title='bbox 652 4058 712 4116; x_wconf 88' lang='lat' dir='ltr'><strong>vid.</strong></span> <span class='ocrx_word' id='word_1_348' title='bbox 737 4057 776 4115; x_wconf 89' lang='lat' dir='ltr'><strong>ad</strong></span> <span class='ocrx_word' id='word_1_349' title='bbox 797 4059 881 4116; x_wconf 87' lang='lat' dir='ltr'><strong>Asin.</strong></span> <span class='ocrx_word' id='word_1_350' title='bbox 907 4060 978 4117; x_wconf 86' lang='grc'>405.</span> <span class='ocrx_word' id='word_1_351' title='bbox 1002 4087 1045 4098; x_wconf 85' lang='grc'>-</span> <span class='ocrx_word' id='word_1_352' title='bbox 1067 4060 1118 4116; x_wconf 85' lang='grc'><strong>00.</strong></span> <span class='ocrx_word' id='word_1_353' title='bbox 1149 4052 1234 4133; x_wconf 73' lang='lat' dir='ltr'><strong>Quid</strong></span> 
     </span>
     <span class='ocr_line' id='line_1_36' title="bbox 102 4155 1232 4238; baseline -0.004 -17"><span class='ocrx_word' id='word_1_354' title='bbox 102 4161 152 4222; x_wconf 76' lang='lat' dir='ltr'><strong>eat</strong></span> <span class='ocrx_word' id='word_1_355' title='bbox 173 4155 258 4238; x_wconf 78' lang='lat' dir='ltr'><strong>quod</strong></span> <span class='ocrx_word' id='word_1_356' title='bbox 278 4155 425 4221; x_wconf 76' lang='lat' dir='ltr'><strong>metuas?</strong></span> <span class='ocrx_word' id='word_1_357' title='bbox 462 4161 532 4219; x_wconf 77' lang='lat' dir='ltr'><strong>Haec</strong></span> <span class='ocrx_word' id='word_1_358' title='bbox 553 4161 659 4218; x_wconf 80' lang='lat' dir='ltr'><strong>Atticae</strong></span> <span class='ocrx_word' id='word_1_359' title='bbox 688 4165 767 4218; x_wconf 86' lang='lat' dir='ltr'><strong>recte</strong></span> <span class='ocrx_word' id='word_1_360' title='bbox 797 4160 905 4219; x_wconf 89' lang='lat' dir='ltr'><strong>tribuit</strong></span> <span class='ocrx_word' id='word_1_361' title='bbox 927 4160 1040 4218; x_wconf 89' lang='lat' dir='ltr'><strong>Ritsch.</strong></span> <span class='ocrx_word' id='word_1_362' title='bbox 1064 4189 1108 4199; x_wconf 93' lang='lat'>-</span> <span class='ocrx_word' id='word_1_363' title='bbox 1130 4175 1232 4218; x_wconf 76' lang='lat' dir='ltr'><strong>eman·</strong></span> 
     </span>
     <span class='ocr_line' id='line_1_37' title="bbox 104 4258 1230 4340; baseline -0.006 -15"><span class='ocrx_word' id='word_1_364' title='bbox 104 4278 194 4340; x_wconf 66' lang='lat' dir='ltr'><strong>crepo,</strong></span> <span class='ocrx_word' id='word_1_365' title='bbox 229 4261 308 4322; x_wconf 85' lang='lat' dir='ltr'><strong>Satis</strong></span> <span class='ocrx_word' id='word_1_366' title='bbox 330 4265 428 4322; x_wconf 81' lang='lat' dir='ltr'><strong>luerat</strong></span> <span class='ocrx_word' id='word_1_367' title='bbox 453 4258 636 4339; x_wconf 85' lang='lat' dir='ltr'><strong>„mancupo“</strong></span> <span class='ocrx_word' id='word_1_368' title='bbox 662 4268 696 4320; x_wconf 90' lang='lat' dir='ltr'><strong>nt</strong></span> <span class='ocrx_word' id='word_1_369' title='bbox 714 4261 798 4321; x_wconf 91' lang='lat' dir='ltr'><strong>Curc.</strong></span> <span class='ocrx_word' id='word_1_370' title='bbox 817 4263 889 4322; x_wconf 80' lang='lat'><strong>495.</strong></span> <span class='ocrx_word' id='word_1_371' title='bbox 925 4263 984 4322; x_wconf 87' lang='lat' dir='ltr'><strong>Cic.</strong></span> <span class='ocrx_word' id='word_1_372' title='bbox 1008 4261 1071 4320; x_wconf 84' lang='lat' dir='ltr'><strong>Cat.</strong></span> <span class='ocrx_word' id='word_1_373' title='bbox 1091 4263 1159 4319; x_wconf 88' lang='lat' dir='ltr'><strong>mai.</strong></span> <span class='ocrx_word' id='word_1_374' title='bbox 1183 4263 1230 4333; x_wconf 91' lang='lat' dir='ltr'><strong>ll,</strong></span> 
     </span>
     <span class='ocr_line' id='line_1_38' title="bbox 104 4362 1233 4442; baseline -0.003 -17"><span class='ocrx_word' id='word_1_375' title='bbox 104 4369 161 4426; x_wconf 80' lang='lat'><strong>38:</strong></span> <span class='ocrx_word' id='word_1_376' title='bbox 199 4371 356 4440; x_wconf 85' lang='lat' dir='ltr'><strong>„senectus</strong></span> <span class='ocrx_word' id='word_1_377' title='bbox 390 4367 501 4424; x_wconf 85' lang='lat' dir='ltr'><strong>nemini</strong></span> <span class='ocrx_word' id='word_1_378' title='bbox 534 4362 740 4442; x_wconf 86' lang='lat' dir='ltr'><strong>mancipata“;</strong></span> <span class='ocrx_word' id='word_1_379' title='bbox 775 4365 886 4426; x_wconf 88' lang='lat' dir='ltr'><strong>dicitur</strong></span> <span class='ocrx_word' id='word_1_380' title='bbox 919 4371 1018 4423; x_wconf 87' lang='lat' dir='ltr'><strong>tamen</strong></span> <span class='ocrx_word' id='word_1_381' title='bbox 1053 4367 1142 4423; x_wconf 87' lang='lat' dir='ltr'><strong>etiam</strong></span> <span class='ocrx_word' id='word_1_382' title='bbox 1174 4383 1233 4422; x_wconf 88' lang='lat' dir='ltr'><strong>uon</strong></span> 
     </span>
    </p>
   </div>
   <div class='ocr_carea' id='block_1_3' title="bbox 0 0 1476 5010">
    <p class='ocr_par' dir='ltr' id='par_1_4' title="bbox 0 0 1476 5010">
     <span class='ocr_line' id='line_1_39' title="bbox 0 0 1476 5010; baseline 0 0"><span class='ocrx_word' id='word_1_383' title='bbox 0 0 1476 5010; x_wconf 95' lang='lat' dir='ltr'><strong> </strong></span> 
     </span>
    </p>
   </div>
  </div>
 </body>
</html>
