2928 5010
92 507 156 576 11‚s‚
176 509 278 562 15-oo
596 506 715 578 captiui.
1157 511 1214 573 16⁷

94 695 134 764 Ut
155 717 216 780 ego
241 696 451 780 adparentis
473 697 561 762 huno
582 697 751 762 remittam
773 681 931 774 nuntium,

90 803 149 882 oui
170 825 225 870 me
248 803 328 888 quid
349 825 460 870 rerum
483 804 537 870 hio
559 805 679 888 agitem
702 803 836 886 etquid
858 802 928 868 fieri
951 804 1059 882 uelim,
1163 821 1213 874 375

90 913 178 978 Patri
201 933 273 978 meo
297 913 412 979 ordine
434 933 562 979 omnem
582 934 653 978 rem
675 912 754 978 illue
777 911 932 996 perierat.

87 1019 181 1086 Nunc
202 1021 251 1086 ita
273 1023 427 1086 conuenit
448 1022 535 1087 inter
556 1042 608 1086 me
630 1027 729 1104 atque
751 1020 847 1099 huno,
870 1018 1032 1104 Tyndaro,

90 1128 128 1194 Ut
149 1137 185 1195 te
208 1133 432 1194 aestumatum
453 1129 486 1194 in
509 1127 637 1194 Alidem
660 1130 790 1194 mittem
813 1127 856 1193 ad
878 1135 1021 1212 patrem;

90 1235 210 1303 Sinon
233 1237 359 1302 rebitas
381 1235 453 1316 huo,
474 1241 513 1302 ut
534 1237 652 1319 uiginti
674 1239 779 1302 minas

86 1345 165 1410 Deru
188 1365 248 1428 pro
271 1351 315 1410 te.

519 1451 781 1518 Philocrates

367 1561 468 1626 Recte
490 1561 682 1626 conuenisse
705 1561 825 1639 seuti03
1163 1577 1215 1630 380

86 1667 168 1732 Nem
191 1674 288 1752 pater
311 1675 464 1752 expectat
486 1675 545 1734 aut
567 1687 618 1732 me
642 1667 864 1750 autaliquem
886 1669 1047 1749 nuntium,

85 1773 148 1850 Qui
171 1775 250 1841 hinc
272 1777 316 1843 ad
338 1797 372 1841 se
395 1767 531 1843 ueniat(

542 1901 752 1985 Tyndarus

566 2008 654 2093 Ergo
678 2010 821 2074 euimum
843 2008 1001 2074 aduortas
1024 2009 1109 2088 uolo,

83 2115 172 2194 Quae
194 2117 349 2182 nuntiare
371 2118 448 2182 hino
470 2123 504 2182 te
526 2117 602 2182 uolo
624 2119 658 2182 iu
680 2118 824 2200 patriam
847 2116 889 2181 ad
912 2121 1050 2200 patrem.

522 2225 780 2290 Philocrates

82 2331 296 2413 Philocrates,
318 2339 356 2399 ut
377 2333 485 2400 adhue
507 2333 655 2400 locorum
677 2333 751 2410 ieci,
774 2333 893 2399 faciam
916 2330 1041 2412 sedulo,

81 2440 126 2506 Ut
147 2442 376 2526 potissumum,
399 2441 488 2524 quod
510 2443 544 2508 iu
566 2463 636 2506 rem
658 2447 748 2507 reete
771 2439 935 2508 conducat
956 2447 1058 2520 tuam,
1162 2457 1214 2511 set

81 2547 119 2614 ld
141 2556 254 2634 petam
276 2569 407 2634 semper
430 2571 616 2634 sequarque
640 2551 739 2616 corde
762 2556 796 2616 et
817 2549 926 2615 animo
949 2569 988 2614 ao
1010 2546 1145 2614 uiribus.

543 2657 756 2742 Tyndarus

81 2763 177 2831 Facis
189 2765 247 2844 ita,
266 2771 353 2831 utto
371 2762 479 2833 lacere
498 2773 639 2852 oportet.
674 2766 769 2832 Nunc
787 2767 932 2832 animum
949 2765 1106 2831 aduortas
1124 2765 1211 2832 uolo.

81 2871 237 2938 Omnium
260 2874 403 2957 primum
426 2874 567 2940 salutem
589 2875 691 2941 dicito
714 2876 813 2940 matri
836 2881 869 2939 et
892 2874 980 2958 patri

80 2980 124 3046 Et
147 2982 296 3066 cognatis
319 2987 362 3060 et,
386 2983 413 3047 si
437 3003 533 3068 quem
557 2983 657 3049 alium
679 2983 930 3049 beneuolentem
953 2981 1094 3048 uideris:

80 3088 134 3154 Me
151 3089 206 3154 hic
222 3089 335 3155 ualere
352 3096 386 3156 et
403 3093 598 3157 seruitutem
616 3093 743 3157 semiue
762 3092 839 3156 huic
856 3091 979 3156 homini
997 3094 1141 3172 optumo,
1161 3105 1212 3160 390

79 3196 146 3276 Qui
167 3218 219 3264 me
243 3197 366 3263 honore
389 3198 611 3266 honestiorem
635 3221 764 3284 semper
786 3199 867 3266 feeit
888 3204 922 3264 et
943 3197 1034 3264 facit.

515 3308 779 3374 Philocrates

79 3413 172 3480 Istuc
194 3435 235 3480 ue
261 3416 459 3499 praecipiam
480 3415 579 3482 facile
601 3417 760 3483 memoria
781 3416 914 3482 memini
935 3421 1054 3480 tameo.

541 3547 567 3612 T
599 3547 750 3614 udatus

79 3651 165 3718 Nam
186 3653 345 3738 equidem,
369 3657 432 3720 nisi
455 3656 544 3740 quod
568 3569 736 3722 oyustodem
758 3655 875 3736 habeo,
898 3655 1039 3720 liberum
1061 3675 1112 3720 me
1137 3667 1209 3719 es'se

800 3763 952 3830 arbitror.

78 3868 189 3935 Dicito
211 3871 308 3954 patri,
333 3891 398 3954 quo
422 3871 623 3955 pacto'mihi
647 3893 721 3938 cum
744 3873 806 3937 hoo
830 3873 1021 3938 conuenerit

78 3975 131 4042 De
154 3977 249 4044 huius
273 3977 351 4044 lilio.

83 4147 311 4160 ————-—-—-⁶

152 4233 200 4286 574
216 4238 347 4302 parentes
366 4251 444 4290 meos
523 4237 573 4291 876
592 4253 651 4291 rem
668 4239 699 4292 in
716 4237 841 4302 mareins
858 4235 979 4291 additor.
1067 4235 1118 4288 378
1136 4232 1210 4286 elide

74 4317 135 4370 eet
150 4315 324 4386 philocrstes.
345 4318 416 4375 ΡΗΙ.
436 4327 468 4377 ut
529 4323 580 4377 886
598 4327 692 4392 petam
710 4321 740 4375 id
757 4339 965 4391 persequarque
1032 4323 1116 4388 atque
1135 4317 1207 4371 auri·

78 4407 136 4460 bus
202 4411 251 4464 397
270 4409 379 4479 precise
449 4411 498 4464 393
517 4407 627 4477 quidem
