2960 5012
259 495 300 554 1v
749 486 889 542 Prselatio.

259 684 343 742 illum
367 703 411 740 me
434 683 600 759 reliquisse,
625 683 695 760 quia
713 682 881 759 corrigendi
898 684 977 741 ratio
995 683 1211 756 incertumst,
1235 685 1383 746 Asinaria

260 797 358 851 autem
385 811 505 850 versum
533 811 592 849 non
619 793 683 868 ipse
715 789 842 849 dixerim
869 791 1041 850 lacunosum
1071 790 1142 849 mihi
1170 793 1275 852 videri.
1330 796 1382 868 At,

259 901 372 976 inquit,
401 919 460 958 non
483 899 617 971 videtur,
645 897 699 956 sed
729 905 783 958 est.
839 899 931 956 Immo
954 903 1127 976 corruptum
1150 919 1215 958 esse
1238 901 1385 961 affirmari

259 1014 378 1086 potest;
401 1013 502 1067 utrum
524 1008 632 1065 lacuna
651 1027 688 1064 an
707 1007 767 1065 alia
785 1007 954 1085 corruptela
971 1006 1097 1078 laboret,
1117 1007 1186 1064 dum
1203 1017 1384 1086 personatus

259 1118 314 1189 sit,
338 1117 480 1175 affirmari
503 1136 563 1176 non
585 1121 694 1193 potest.
740 1115 835 1191 Magis
860 1118 949 1173 etism
972 1115 1178 1174 admirandum
1201 1123 1258 1190 eet,
1290 1119 1382 1195 quod,

260 1227 311 1302 qui
333 1229 448 1302 primus
476 1227 507 1282 in
531 1243 650 1282 arenam
673 1223 834 1294 descendit,
864 1221 913 1281 Fr.
938 1223 1100 1282 Schoellius
1122 1217 1293 1300 (ienaische
1317 1227 1385 1286 Lit-

259 1335 498 1410 teraturaeitung
528 1333 623 1406 1876,
659 1337 715 1390 ert.
748 1327 821 1404 243)
857 1331 924 1390 inde
957 1333 1173 1390 accusationem
1207 1351 1291 1392 orsus
1325 1341 1382 1406 est,

259 1440 340 1516 quod
368 1441 477 1500 librum
499 1439 652 1515 Madvigio
683 1439 826 1498 dedicavi.
876 1439 947 1511 Quis
971 1439 1186 1498 Germanorum
1214 1461 1274 1500 non
1300 1443 1386 1502 idem

259 1547 397 1608 fecisset?
441 1550 489 1608 An
511 1549 664 1608 Germanis
687 1549 756 1607 solis
778 1551 870 1625 gratis
893 1567 957 1606 esse
980 1543 1073 1606 licet?
1106 1547 1180 1606 Nam
1204 1549 1284 1625 quod
1306 1551 1385 1610 dicit

259 1677 306 1715 me
329 1657 416 1716 huius
446 1658 572 1716 maxime
601 1659 699 1736 operis
721 1657 873 1734 Madvigio
896 1675 1040 1714 summum
1063 1656 1205 1716 iudicium
1229 1658 1383 1732 detulisse,

259 1763 291 1822 id
323 1785 370 1824 me
404 1785 462 1824 non
491 1767 661 1843 scripsisse,
696 1767 748 1843 qui
781 1765 938 1842 epistolam
972 1784 1066 1824 meam
1100 1765 1223 1839 legerit,
1257 1767 1382 1827 videbit.

259 1871 444 1951 Quamquam
472 1874 527 1933 boc
555 1877 653 1951 ipsum
680 1893 740 1932 non
768 1873 969 1932 adolescentes
997 1873 1090 1932 solum
1120 1874 1294 1948 delectarit,
1329 1877 1384 1934 sed

260 1983 349 2042 etiam
371 1984 468 2042 virum
491 1981 528 2040 de
550 1983 661 2042 litteris
684 1982 772 2060 longe
802 1983 906 2041 melius
933 1983 1084 2056 meritum,
1116 1981 1288 2054 Lehrsium,
1320 1987 1383 2061 qui,

260 2110 350 2168 quum
372 2091 481 2150 librum
503 2111 601 2150 meum
622 2110 782 2166 numquam
804 2089 941 2162 vidisset,
971 2089 1159 2148 Schoellieno
1182 2093 1314 2151 convicio
1338 2095 1386 2151 ite

258 2200 378 2276 gavisus
407 2205 467 2272 eet,
496 2205 531 2258 ut
553 2198 585 2258 id
614 2199 806 2260 vehementer
833 2197 968 2258 omnibus
996 2199 1216 2258 commendaret
1240 2195 1385 2276 (Kdnigs-

258 2307 366 2382 berger
391 2306 623 2366 Monatsblttter
654 2308 749 2380 1876,
777 2329 807 2386 p.
832 2304 897 2380 71).
952 2306 1011 2366 Sed
1040 2309 1181 2384 quoniam
1208 2314 1270 2367 tum
1299 2310 1386 2370 docti

199 2403 200 2408 ἵ
257 2415 324 2487 viri,
349 2414 421 2492 quid
443 2415 598 2488 voluerim,
623 2433 700 2493 saepe
721 2434 781 2474 non
803 2415 1021 2488 intellexerunt,
1045 2435 1083 2473 ne
1106 2417 1261 2474 consilium
1284 2438 1384 2478 meum

259 2524 349 2581 etiam
373 2523 440 2581 aliie
462 2522 624 2582 lectoribus
648 2523 805 2583 obscurum
828 2528 956 2596 maneat,
980 2523 1053 2601 quid
1069 2529 1188 2584 secutus
1204 2526 1268 2598 sim,
1293 2547 1384 2604 qnam
1478 2547 1479 2550 ¹

260 2629 432 2689 brevissime
454 2636 588 2708 repetem
612 2635 643 2689 et
665 2630 826 2689 defendere
850 2633 988 2690 conabor.

345 2738 431 2810 Quod
453 2739 528 2816 ipse,
559 2757 650 2815 quum
675 2737 847 2798 adulescens
871 2739 909 2798 ad
931 2740 1070 2798 Plautum
1094 2740 1280 2815 accederem,
1304 2741 1385 2802 desi·

260 2846 449 2920 derareram,
483 2846 560 2906 idem
590 2846 664 2904 elios
700 2846 922 2906 desideraturos
949 2848 1106 2924 putabam,
1141 2852 1386 2910 commentarium
1477 2921 1478 2924 Ἴ

259 2954 407 3034 quidquid
440 2955 560 3014 obscuri
593 2959 624 3012 et
656 2955 770 3013 insoliti
798 2961 875 3014 esset
902 2957 1114 3033 explicantem,
1149 2957 1313 3017 editionem
1341 2961 1388 3017 ita

259 3063 457 3137 emendatam,
492 3069 527 3122 ut
549 3062 586 3121 ab
616 3063 737 3141 optimis
767 3063 917 3124 codicibus
946 3076 1108 3142 numquam
1136 3066 1194 3123 nisi
1216 3069 1386 3126 necessario

258 3171 476 3246 discederetur,
499 3174 601 3250 itaque
624 3177 839 3251 comparatum,
870 3179 919 3246 ut,
948 3174 1096 3252 quidquid
1118 3175 1237 3232 ratione
1260 3181 1387 3252 cogente

259 3255 426 3340 correctum
448 3287 536 3356 esset,
559 3281 656 3358 primo
675 3281 818 3358 adspectu
834 3286 1002 3360 appareret.
1042 3281 1146 3358 Itaque
1170 3301 1261 3360 quum
1284 3284 1387 3342 multi·

257 3387 361 3447 tudine
388 3390 538 3447 variorum
567 3392 784 3466 scripturarum
812 3408 889 3466 saepe
919 3409 1021 3448 verum
1050 3389 1203 3448 obscurari
1232 3390 1386 3467 vidissem,

258 3495 312 3554 has
345 3516 434 3572 quam
467 3497 661 3574 paucissimas
694 3497 847 3555 contextui
879 3496 1096 3556 subnectendas
1126 3499 1197 3557 duxi
1225 3499 1277 3571 iis,
1317 3519 1388 3576 quae

258 3609 408 3680 praeterea
429 3607 599 3663 necessario
621 3609 715 3678 erant,
739 3607 771 3663 in
789 3607 1029 3664 commentarium
1048 3609 1179 3665 reiectis.
1223 3607 1259 3664 In
1276 3605 1388 3666 Plauto

259 3717 357 3770 autem
387 3712 466 3790 quod
494 3715 652 3792 perpaucis
679 3712 830 3772 codicibus
861 3715 992 3772 contenti
1020 3734 1085 3773 esse
1114 3732 1285 3790 possumus,
1319 3714 1387 3773 Rit-

259 3819 364 3879 schelii
381 3822 510 3880 acumini
527 3819 677 3879 debemus.
712 3819 859 3898 Equidem
875 3827 987 3898 praeter
1008 3823 1234 3901 palimpsestum
1257 3822 1387 3882 duorum
1475 3827 1476 3842 ³

257 3933 376 3987 tantum
398 3929 546 4006 integram
564 3931 741 3988 varietatem
760 3931 898 4007 apposui,
922 3929 1032 3988 codicis
1050 3929 1074 3987 B
1091 3933 1123 3988 in
1141 3931 1289 4004 omnibus,
1313 3930 1335 3988 C
1353 3933 1388 3990 in

259 4035 415 4096 duodecim
443 4038 659 4114 posterioribus
688 4035 806 4096 tabulis.
862 4037 1043 4116 Vituperant
1069 4040 1181 4112 critici,
1216 4038 1296 4115 quod
1324 4059 1388 4098 non

258 4144 414 4205 Ursinisni
441 4165 560 4224 quoque
592 4141 644 4220 (D)
673 4149 848 4205 testimonia
877 4145 1058 4220 addiderim,
1093 4147 1219 4204 maxime
1248 4145 1387 4221 thzius,

258 4253 368 4312 Annal.
391 4252 464 4331 phil.
492 4253 587 4327 1876,
618 4274 648 4330 p.
674 4255 732 4313 351
757 4273 840 4332 sqq,
874 4257 942 4332 qui,
978 4255 1003 4311 si
1026 4255 1157 4314 codicem
1181 4253 1387 4314 Britannicum
1474 4259 1475 4290 ³

258 4357 316 4434 (J),
351 4381 439 4439 quem
471 4363 503 4420 in
535 4361 686 4421 Analectis
719 4363 867 4422 Plautinis
900 4383 926 4421 a.
959 4365 1039 4422 1877
1073 4363 1163 4422 editis
1191 4384 1220 4440 p.
1249 4365 1287 4422 71
1318 4383 1387 4440 sqq.
