2960 5012
298 499 338 560 52
804 493 897 550 Plauti
1202 495 1249 564 IV,
1261 497 1299 566 10,
1309 497 1393 551 tt-tt

741 683 967 768 Lyconides

297 791 379 856 Eam
401 798 438 856 tu
460 791 672 876 dependisti,
696 793 819 875 opinor,
841 813 913 856 meo
935 791 1105 856 auonculo.

782 899 922 964 Euclio

971 1005 1106 1071 Omnem
1127 1027 1197 1071 rem
1218 1013 1316 1072 tenes.
1353 1021 1395 1075 rra

738 1113 965 1197 Lyconides

295 1227 327 1292 Is
349 1247 400 1290 me
423 1245 508 1290 nuno
530 1225 717 1290 renuntiare
739 1222 911 1306 repudium
933 1224 1029 1288 iussit
1050 1221 1121 1287 tibi.

780 1329 927 1395 Euclio

296 1439 488 1524 Repudium,
510 1447 608 1504 rebus
632 1439 766 1522 paratis,
790 1439 955 1504 exornatis
977 1437 1122 1521 nuptiis?

294 1547 339 1614 Ut
355 1547 446 1612 illum
464 1549 496 1613 di
513 1547 703 1614 inmortales
720 1567 831 1612 omnes
851 1547 1004 1630 deaeque,
1028 1551 1224 1630 quantumst,
1241 1543 1395 1630 perduint!

1459 1185 1466 1465 l

295 1655 397 1732 Quem
419 1664 552 1740 propter
573 1655 669 1720 hodie
692 1656 764 1720 auri
786 1661 915 1720 tantum
937 1654 1064 1738 perdidi
1086 1653 1208 1734 infelix,
1231 1655 1336 1719 miser.
1463 1699 1464 1746 p

736 1762 762 1826 L
798 1754 965 1828 conides

293 1874 383 1938 Bono
407 1873 515 1937 animo
539 1893 581 1950 es,
610 1871 692 1936 bene
716 1786 796 1936 died.
847 1871 941 1936 Nunc
964 1891 1122 1954 quaeres
1150 1869 1213 1935 tibi
1235 1877 1269 1936 et
1290 1874 1396 1954 gnatae

1003 1985 1081 2044 tuae
1353 1992 1397 2044 780
1463 2073 1464 2076 Ἴ

291 2088 377 2154 Bene
400 2087 602 2170 feliciterque
627 2094 738 2153 uortat
758 2121 802 2132 —
823 2089 870 2152 ita
893 2087 926 2152 di
948 2087 1062 2166 faxint,
1085 2087 1222 2171 inquito.

777 2195 918 2261 Euclio

291 2303 344 2368 Ita
366 2303 399 2367 di
421 2302 558 2368 faciant!

738 2409 960 2495 Lyconides

607 2517 650 2581 Et
672 2516 751 2581 mihi
774 2519 821 2583 ite
844 2518 877 2583 di
899 2517 1036 2584 faciant!
1071 2518 1158 2584 Audi
1179 2539 1268 2582 nunc
1290 2517 1360 2582 iam.

293 2624 355 2703 Qui
377 2625 473 2690 homo
496 2625 625 2708 culpam
648 2625 783 2691 admisit
804 2626 838 2690 in
861 2648 905 2706 se,
926 2627 1051 2692 nullust
1072 2633 1141 2692 tam
1163 2627 1259 2711 parui
1282 2625 1371 2710 preti,

292 2733 376 2812 Quin
399 2734 531 2817 pudeat,
555 2755 653 2816 quom
675 2741 794 2818 purget
817 2755 903 2815 aese3
932 2741 1073 2800 nancte
1097 2735 1260 2814 obtestor,
1282 2732 1397 2807 Euclio,

290 2840 346 2920 Ut,
377 2843 404 2905 si
436 2841 513 2923 quid
540 2861 599 2925 ego
630 2861 708 2925 erga
735 2848 768 2907 te
796 2843 975 2926 inprudens
1004 2844 1137 2927 peccaui
1166 2849 1226 2908 aut
1253 2847 1381 2925 gnatam

1001 2959 1102 3030 tuam,
1354 2963 1398 3016 785

288 3053 332 3119 Ut
354 3055 433 3120 mihi
450 3057 600 3138 ignoscas
623 3077 758 3139 eamque
782 3079 916 3124 uxorem
938 3057 1017 3124 mihi
1036 3058 1103 3137 des,
1126 3065 1164 3123 ut
1179 3057 1268 3142 leges
1285 3057 1396 3123 iubent.

288 3163 358 3246 Ego
381 3185 430 3228 me
453 3165 606 3230 iniuriam
627 3163 744 3230 fecisse
766 3165 853 3231 filiae
875 3166 981 3231 fateor
1003 3173 1079 3232 tuae
1268 3149 1271 3160 ⁸

288 3270 414 3336 Cereris
437 3273 558 3356 uigiliis
581 3295 638 3357 per
660 3275 774 3338 uinum
796 3281 896 3356 atque
918 3275 1050 3359 inpulsu
1073 3275 1324 3340 adulescentiae.

774 3381 920 3446 Euclio

287 3485 327 3548 Ei
349 3485 437 3566 mihi,
461 3489 550 3572 quod
572 3488 699 3554 facinus
722 3511 762 3554 ex
784 3497 817 3554 te
841 3511 899 3572 ego
923 3489 1042 3554 audio?

736 3595 960 3680 Lyconides
1110 3592 1114 3600 ’

1097 3704 1164 3770 Cur
1187 3705 1298 3784 ciulac,

290 3808 392 3886 Quem
415 3830 474 3892 ego
497 3831 596 3876 auom
618 3812 681 3876 feci
704 3813 770 3875 iam
791 3817 830 3876 ut
852 3833 941 3878 esses
963 3812 1050 3879 filiae
1073 3815 1221 3898 nuptiis?
1352 3825 1397 3878 790

288 3918 372 3983 Nam
388 3925 447 3984 tua
466 3925 567 4001 gnata
583 3921 712 4004 peperit
730 3919 865 3985 decumo
885 3941 996 3987 mense
1013 3927 1104 4006 post3
1122 3943 1293 3986 numerum
1315 3937 1395 4002 cape.

287 4097 421 4103 ——.⁹.„
428 4097 433 4101 -
440 4096 509 4104 ..η-..-

352 4195 403 4246 777
419 4195 525 4264 paratis
544 4201 627 4264 atque
645 4199 785 4250 exornatis
849 4201 899 4252 778
916 4199 1049 4267 perdiunt
1109 4201 1160 4253 '780
1178 4215 1207 4252 ea
1225 4203 1254 4252 et
1271 4194 1396 4252 benedico

284 4280 336 4332 784
353 4281 421 4347 quin
437 4285 542 4351 purget
619 4283 668 4334 785
688 4299 739 4351 ego
759 4298 807 4336 om.
887 4287 937 4338 786
955 4285 1071 4338 iubeant
1154 4285 1205 4338 787
1222 4282 1287 4338 filiae
1305 4281 1395 4336 fecisse

283 4367 334 4420 '789
352 4367 437 4421 eiuiaa
