2922 5006
225 451 288 514 274
707 443 860 502 Aulularia

224 641 325 702 nante
337 640 458 700 domum
469 643 612 718 migrasse
623 645 654 699 et
665 641 822 717 utriusque
834 639 957 698 eandem
967 637 1112 696 familiam
1123 637 1224 696 fnisse.
1264 632 1354 706 Quod

223 747 312 804 utin
332 746 415 803 tenui
436 763 468 802 re
490 744 634 802 familiari
655 741 721 802 lieri
742 743 858 820 potuit,
887 743 932 800 ito
960 739 1084 800 divitem
1110 738 1262 797 hominem
1291 755 1354 795 non

226 853 271 908 eat
292 848 357 906 veri
378 847 475 906 simile
496 852 558 906 tem
584 866 695 925 paucos
722 865 824 904 servos
852 843 1006 918 habuisse,
1039 847 1075 902 ut
1090 842 1181 902 *idem
1209 840 1355 900 avunculi

224 951 364 1010 atriensis
388 955 419 1009 et
438 953 557 1026 nepotis
572 949 754 1027 pedisequus
773 953 861 1022 esset,
884 967 938 1006 nec
956 945 1117 1024 Lyconidis
1135 963 1240 1005 servus
1260 944 1355 1004 elium

225 1074 314 1132 quam
337 1053 433 1131 ipsum
456 1051 636 1128 Lyconidsm
664 1051 769 1111 herum
797 1053 933 1128 agnoscit
960 1055 1012 1110 sut
1035 1049 1072 1109 ab
1096 1050 1155 1108 alio
1177 1049 1355 1108 libertatem

129 1169 132 1176 ’
225 1161 337 1236 speret.
381 1155 474 1214 Immo
500 1153 574 1214 dues
595 1174 739 1234 personas
761 1173 825 1214 esse
848 1157 983 1232 apparet.
1033 1151 1091 1212 Sed
1113 1151 1266 1230 quomodo
1290 1151 1356 1210 lieri

225 1264 344 1338 potest,
377 1262 412 1316 ut
438 1255 504 1316 duae
531 1257 661 1316 eiusdem
689 1257 798 1317 fabula
824 1277 961 1336 personae
990 1256 1095 1316 eodem
1123 1258 1243 1315 nomine
1268 1253 1355 1314 sinti

225 1361 261 1421 In
278 1359 467 1420 Menaeehmis
484 1361 604 1456 quidem
621 1360 709 1420 huius
726 1363 770 1419 rei
787 1362 864 1420 ratio
886 1361 1023 1421 redditur
1041 1356 1082 1434 (ι.
1098 1355 1193 1432 1130)
1218 1363 1250 1416 et
1273 1359 1358 1417 illins
1449 1430 1454 1445 Ι

226 1463 335 1523 sabula
373 1463 471 1522 turboe
510 1485 546 1523 ex
578 1465 633 1524 hac
665 1465 791 1523 nominis
825 1466 1032 1524 communione
1064 1481 1202 1540 magnam
1235 1465 1357 1539 partem

227 1567 373 1626 oriuntur.
429 1565 486 1624 Hic
513 1587 631 1645 qnoque
662 1569 686 1625 si
714 1569 842 1628 nominis
871 1565 1035 1627 similitudo
1063 1585 1194 1625 errorem
1222 1564 1357 1641 aliquem
1449 1572 1455 1641 ζ

226 1670 384 1729 ridiculum
406 1677 460 1730 aut
487 1671 591 1730 turbas
619 1676 753 1748 pareret,
783 1690 873 1730 causa
902 1669 1133 1747 intelligeretur3
1167 1666 1222 1726 sed
1244 1668 1357 1726 necin

227 1773 329 1832 fabule
350 1773 410 1832 tale
432 1773 595 1852 quidquam
618 1773 730 1850 legitur
751 1793 804 1832 nee
826 1775 857 1831 in
880 1779 1012 1832 extremo
1027 1773 1136 1832 fabulas
1153 1775 1258 1850 parte,
1290 1789 1356 1847 qun

227 1878 332 1952 periit,
361 1878 487 1954 cogitari
508 1882 622 1954 potest,
651 1875 730 1934 unde
753 1877 903 1953 sequitur,
932 1881 967 1936 ut
992 1877 1052 1934 iste
1073 1875 1201 1934 nominis
1224 1893 1357 1932 commu·

228 1981 306 2038 nites
329 1984 359 2038 et
380 1979 496 2038 inutilis
518 1983 550 2038 et
571 1980 673 2056 inepta
689 1979 790 2038 lutura
807 1979 906 2038 tuerit.
941 1979 1107 2057 Wagnerus
1125 1975 1246 2055 quidem
1265 1971 1355 2049 (edit.

227 2103 257 2161 p.
283 2084 341 2142 138
365 2081 423 2159 sq.)
446 2081 485 2140 ad
507 2082 628 2141 solitum
651 2080 837 2158 quorundam
864 2082 1082 2160 philologcrum
1111 2081 1257 2141 auxilium
1287 2098 1357 2138 oon·

227 2185 313 2262 fugit,
342 2189 377 2244 ut
401 2181 668 2259 „contaminatem“
694 2184 824 2244 fabulam
855 2204 920 2244 esse
948 2189 1068 2245 censeat
1094 2184 1143 2242 vel
1172 2202 1209 2242 ex
1239 2180 1357 2241 duabus

228 2285 340 2346 Graecis
363 2289 571 2365 compositam,
602 2289 686 2348 cuius
715 2290 758 2346 rei
786 2307 839 2346 nec
868 2287 950 2347 alind
979 2288 1073 2348 ullum
1095 2285 1239 2357 iudicium
1261 2289 1357 2355 ext-at,

227 2394 263 2447 ut
290 2393 370 2448 recte
398 2389 674 2450 animadverterunt
700 2395 730 2448 et
757 2390 876 2449 Brixius
904 2395 936 2449 et
957 2389 1172 2450 Beinhardtins
1193 2389 1225 2447 in
1248 2387 1359 2447 Stude-

230 2490 334 2550 mundi
351 2491 435 2551 Stud.
454 2493 477 2552 I.
496 2495 612 2572 plot),
634 2513 689 2552 nec
709 2497 772 2551 tam
788 2493 941 2572 stupidum
958 2499 1099 2572 putamus
1116 2492 1259 2552 Plautum
1275 2489 1356 2550 Grae·

231 2613 333 2652 corum
350 2594 544 2672 interpretem
561 2595 660 2668 luisse,
678 2600 713 2654 ut
732 2615 892 2656 nonomen
911 2597 1030 2675 quidem
1049 2598 1127 2656 scivi
1144 2599 1209 2674 ipse
1220 2593 1357 2653 invenire

231 2698 372 2774 potuerit.
428 2697 612 2757 Histrionesn
646 2702 745 2758 eutem
775 2702 801 2760 si
829 2702 897 2778 quis
926 2700 1006 2762 diost
1035 2699 1162 2760 cundem
1196 2698 1357 2774 utriusque

232 2801 310 2858 servi
327 2805 430 2878 partes
448 2803 551 2878 egisse,
575 2802 630 2860 hoc
653 2806 683 2860 et
704 2801 771 2878 ipse
792 2803 878 2862 facile
901 2803 1088 2878 crediderim,
1111 2801 1165 2862 sed
1181 2805 1305 2879 postam
1322 2817 1358 2856 aa

233 2902 270 2961 de
298 2921 387 2962 cause
414 2908 573 2981 utrumqne
600 2923 718 2964 servum
746 2905 851 2964 eodem
881 2907 1000 2974 nomine
1028 2907 1198 2984 appellasse
1237 2902 1356 2962 credere

232 3024 291 3064 non
314 3025 445 3084 possum.
489 3004 609 3066 Errorie
631 3027 722 3067 causa
742 3027 803 3067 non
825 3007 863 3066 ab
885 3011 951 3087 ipsc
973 3009 1088 3082 Plauto,
1111 3007 1165 3068 sed
1187 3027 1207 3066 a
1228 3004 1356 3084 posteri-

233 3107 334 3168 oribus
356 3108 520 3187 repetenda
542 3115 601 3184 est,
630 3130 685 3169 nee
714 3109 843 3170 dubitari
870 3117 985 3188 potest,
1014 3111 1087 3188 quin
1115 3109 1195 3189 apud
1217 3110 1356 3168 Plautum

234 3210 293 3270 duo
315 3211 429 3270 fuerim
451 3211 577 3272 duorum
600 3233 754 3272 servorum
776 3217 905 3274 nomina.
950 3213 995 3273 Ac
1018 3218 1089 3274 sunt
1110 3215 1199 3272 etiam
1222 3213 1283 3272 alin
1304 3231 1356 3270 no·

233 3316 345 3373 minum
368 3315 416 3373 vel
438 3335 520 3374 mero
542 3335 642 3374 errore
663 3316 711 3374 uel
733 3317 867 3376 consulto
891 3321 1074 3376 mutatorum
1095 3315 1240 3394 exempla.
1274 3315 1357 3392 Lysi·

235 3416 355 3475 damnm
377 3417 489 3477 Casinse
519 3419 713 3478 rubricatoris
741 3439 843 3480 errore
871 3419 1061 3480 Stalicionem
1090 3424 1142 3478 sut
1170 3419 1357 3478 Stalinonem

234 3517 345 3576 factum
368 3539 432 3578 esse
454 3540 489 3578 ex
511 3519 707 3580 Ambrosiauo
729 3523 862 3582 ostendit
882 3522 1079 3584 Studemund.
1101 3521 1166 3581 lnd.
1190 3521 1259 3580 lect.
1283 3520 1356 3597 Gry·
1449 3518 1454 3531 '

234 3621 338 3696 phisw.
370 3624 552 3697 lull-72,
591 3624 733 3700 Cyamum
761 3645 816 3705 pro
845 3625 923 3685 Geta
957 3628 988 3685 in
1015 3625 1198 3686 Truculento
1225 3624 1359 3684 restitnit

235 3722 423 3801 Spengeliue3
457 3724 627 3786 Fitodicum
649 3735 763 3802 eutem,
792 3731 843 3805 qui
872 3729 959 3788 huius
988 3730 1096 3789 febulae
1120 3749 1145 3789 v.
1170 3730 1232 3788 355
1256 3747 1356 3804 supra·

236 3825 386 3900 scribitur,
411 3827 526 3887 nullum
543 3849 617 3904 esse,
637 3831 679 3889 ibi
695 3832 872 3892 videbimus.
906 3832 941 3890 In
958 3833 1068 3908 Sticho,
1092 3832 1174 3891 utin
1192 3831 1356 3900 Aulularia,

236 3930 315 3989 idem
345 3929 459 3989 duabus
488 3936 621 4009 personis
648 3953 754 3992 nomen
782 3935 905 4013 obtigit3
938 3955 1008 3994 nam
1035 3937 1187 3995 Pinacium
1221 3939 1252 3992 et
1283 3950 1358 4012 puer

237 4033 348 4116 dieitur
370 4035 519 4094 etaltera
541 4055 577 4094 ex
599 4035 752 4096 sororibus
773 4041 931 4112 matronis3
965 4057 1068 4097 verum
1089 4039 1177 4118 pueri
1198 4057 1306 4097 nomen
1327 4036 1356 4092 in

237 4142 379 4196 contextu
399 4137 510 4196 fabulas
532 4139 652 4216 legitur,
675 4145 818 4200 maluonae
840 4147 955 4201 tontum
977 4144 1009 4200 in
1025 4141 1116 4200 titulo
1133 4142 1238 4221 prima
1254 4157 1355 4212 scena,

238 4245 268 4298 et
294 4246 363 4316 post
391 4240 586 4300 Bitschelium
616 4241 686 4300 inde
714 4262 831 4322 quoque
860 4247 986 4304 eiectum
1014 4249 1075 4316 est,
1110 4245 1251 4320 qnoniam
1278 4241 1356 4301 inA

237 4342 392 4419 Pamphila
413 4345 533 4418 legitur.
579 4345 736 4403 Difficilior
757 4348 794 4405 de
817 4349 940 4406 ulterius
961 4350 1071 4406 sororis
1092 4346 1355 4424 nomino,qeaetio
