2932 5010
273 523 334 584 380
753 516 912 570 Bacchides.

273 715 377 788 scripsi
397 712 552 788 Lysandro
576 711 657 782 duce,
682 711 841 782 Quaestion.
861 715 955 770 critic.
980 719 1010 771 et
1033 731 1124 786 grum.
1143 731 1172 788 p.
1194 717 1230 771 57
1249 733 1302 788 sq.,
1326 733 1393 770 nem

274 822 303 873 et
325 815 488 890 perseo-cre
510 815 582 871 alibi
605 833 722 892 semper
749 816 828 892 apud
851 816 989 874 Plautum
1012 817 1203 874 transitivum
1227 824 1281 887 est,
1303 837 1331 872 v.
1357 815 1393 872 sd

272 919 379 995 Amph.
394 920 462 988 246,
487 923 517 974 et
540 917 593 975 hec
616 937 674 975 una
697 920 812 976 ratione
836 921 982 976 sententia
1000 925 1081 977 recte
1098 919 1252 978 formatur.
1286 919 1393 976 Praeic·

272 1029 342 1078 runt
364 1023 394 1078 in
417 1020 562 1077 infinitivo
584 1020 727 1078 mutando
751 1020 861 1078 Donati
884 1020 1022 1092 editores,
1047 1023 1097 1097 qui
1120 1022 1159 1080 ad
1181 1021 1248 1080 Ter.
1272 1021 1390 1078 Phorm.

272 1126 349 1183 484:
388 1123 512 1194 „Eccum
542 1123 577 1179 ab
608 1143 662 1180 sua
689 1125 840 1198 palaestra
864 1125 925 1181 exit
947 1123 1043 1182 forss“
1070 1124 1131 1182 haec
1154 1124 1259 1182 habet:
1297 1123 1393 1192 „Beue

272 1227 440 1303 palaestram
459 1226 520 1282 eius
545 1225 621 1283 dixit
644 1225 757 1283 lenonis
776 1226 903 1298 domum,
928 1229 959 1284 in
977 1247 1035 1303 qua
1052 1235 1097 1284 est
1114 1227 1262 1286 exercitus
1280 1237 1392 1284 amator
1441 1276 1442 1292 .

273 1329 399 1387 assidue.
455 1327 578 1386 Plautus
602 1329 809 1388 Bacchidibus:
840 1329 958 1388 abstine
981 1351 998 1386 a
1020 1331 1173 1404 pslaestrs,
1204 1329 1255 1386 ubi
1280 1329 1389 1386 dsrnnis

273 1432 331 1504 (ed.
350 1453 396 1509 pr.
416 1431 547 1504 demens)
566 1431 803 1491 desudsscitur“.
839 1426 1070 1492 Desuda-scr'lur
1089 1441 1188 1489 sutem
1208 1431 1249 1488 ihi
1272 1433 1392 1491 libidine

274 1543 304 1591 et
327 1532 451 1594 damnis
473 1539 516 1593 rei
546 1535 716 1604 familiaris,
748 1555 806 1593 non
835 1544 869 1592 ut
899 1537 930 1593 in
958 1555 1029 1592 vers
1057 1535 1198 1612 palestra
1226 1536 1336 1592 virtute
1365 1541 1392 1592 et

274 1637 407 1694 honestis
431 1639 560 1713 corporis
584 1638 854 1698 exercitationibus.
900 1638 943 1696 De
965 1639 1129 1696 indicativo
1153 1637 1238 1694 verbi
1256 1637 1340 1694 modo
1357 1637 1389 1694 ci.

274 1739 310 1796 ud
335 1739 441 1815 Amph.
469 1742 536 1798 167.
562 1739 631 1798 Mox
654 1761 725 1799 vero
748 1741 786 1798 ad
810 1741 1029 1799 coniunctivum
1053 1742 1171 1810 transit,
1196 1745 1230 1797 ut
1253 1745 1390 1816 appareat

273 1845 302 1900 in
337 1843 470 1900 relativis
502 1845 658 1900 sententiis
692 1864 749 1901 non
789 1847 884 1902 minus
924 1863 1011 1920 quam
1047 1844 1078 1900 in
1114 1843 1390 1916 interrogationibus
1442 1871 1443 1910 1

273 1945 403 2020 obliquis
425 1944 496 2016 (vid.
521 1945 558 2001 ad
580 1945 687 2022 Amph.
714 1941 766 2020 17)
795 1952 954 2022 utrumque
982 1946 1100 2004 modum
1133 1947 1196 2002 sine
1225 1945 1389 2003 discrimine

272 2049 353 2125 poni.
389 2046 471 2118 Quod
496 2052 593 2104 sutem
616 2047 693 2105 huuc
715 2067 743 2106 r.
767 2047 910 2114 Ribbeck.
938 2045 976 2118 (v.
1001 2048 1114 2106 Bitsch.
1138 2047 1224 2106 Praef.
1250 2046 1337 2105 Stich.
1359 2068 1385 2123 p.

271 2147 383 2221 XVIII)
408 2156 532 2226 propter
554 2149 680 2207 similem
702 2169 729 2208 v.
755 2152 815 2208 425
847 2153 979 2226 spurium
1008 2151 1166 2220 iudicavit,
1202 2169 1262 2207 non
1291 2150 1386 2226 probo.

273 2281 310 2294 -
348 2255 397 2310 66.
432 2245 549 2326 Lepide
576 2265 739 2312 merueras.
808 2253 875 2310 Haec
905 2253 928 2310 B
957 2255 1064 2311 Atticm
1100 2253 1241 2310 Bacchidi
1277 2253 1385 2312 tribuit.

274 2355 385 2412 Ritsch.
410 2361 440 2411 et
469 2353 530 2412 huso
558 2361 588 2411 et
616 2354 674 2412 duo
705 2358 840 2432 proxime
870 2355 1023 2413 Bacchidis
1052 2359 1207 2413 enuntiata
1238 2355 1278 2424 (v.
1302 2357 1335 2412 71
1360 2359 1384 2410 ei

276 2460 312 2515 71
339 2453 395 2532 sq.)
421 2457 515 2515 alteri.
538 2487 579 2498 -
605 2453 769 2516 Turturcm
791 2462 870 2516 inter
893 2477 970 2516 cenae
1000 2458 1121 2515 delicias
1145 2459 1283 2534 antiquos
1304 2456 1386 2514 habu·

274 2562 331 2616 isse
354 2551 485 2630 constat,
513 2579 541 2618 v.
559 2559 648 2619 Most.
668 2562 724 2631 44;
758 2560 810 2618 sed
839 2560 992 2618 machaerse
1014 2579 1119 2636 perum
1142 2567 1212 2637 apte
1236 2562 1386 2637 opponitur

275 2661 371 2731 cibus,
396 2681 487 2736 quere
505 2663 683 2737 interpretes
702 2665 800 2720 vivum
819 2669 961 2720 turturem
980 2663 1161 2739 intelligunt,
1185 2669 1216 2720 et
1239 2682 1386 2740 puerorum

274 2765 382 2834 instar,
418 2766 469 2840 qui
498 2785 562 2822 cum
593 2766 795 2822 coturnicibus
825 2765 968 2822 ludebant
991 2760 1089 2842 (Cupt.
1114 2761 1190 2836 998)
1215 2767 1384 2822 meretricem

275 2873 306 2924 et
335 2873 497 2924 amatorem
535 2887 599 2924 cum
628 2873 745 2924 turture
775 2869 880 2925 lusisse
909 2873 1024 2943 putant.
1060 2897 1100 2906 -—
1134 2871 1183 2927 67.
1220 2868 1278 2926 Pro
1304 2867 1383 2934 cestu,

275 2990 334 3046 quo
357 2971 467 3046 pugilis
489 2989 594 3027 manus
618 2969 803 3044 illigabatur‚
834 2972 860 3027 si
884 2965 1064 3040 cantharum,
1095 2973 1113 3028 i.
1138 2991 1162 3028 e.
1186 2971 1331 3047 poculum,
1356 2971 1380 3024 in

275 3092 396 3130 menum
419 3071 517 3130 detur.
542 3101 583 3111 —
607 3074 655 3130 68.
681 3065 849 3146 Scapbium
871 3077 901 3130 et
924 3075 1020 3149 ipsum
1043 3073 1143 3150 poculi
1167 3091 1260 3146 genus
1283 3079 1331 3144 est,
1351 3069 1378 3128 ri.

276 3174 368 3234 Stich.
394 3177 471 3247 689,
506 3179 536 3231 et
558 3175 718 3232 rotundum
742 3175 875 3250 quidem,
910 3176 972 3232 fere
1002 3177 1095 3234 cranii
1119 3176 1245 3234 fonnem
1268 3175 1379 3232 referens

273 3278 322 3350 (ci.
348 3278 383 3336 de
406 3277 574 3336 nominibus
596 3296 734 3335 rasorum
758 3297 786 3354 p.
813 3279 871 3335 117
896 3277 969 3354 sq.),
1005 3297 1063 3355 quo
1091 3280 1192 3355 aptius
1222 3297 1285 3336 cum
1311 3277 1379 3353 giles

274 3387 475 3456 comparatur.
488 3409 529 3419 -
542 3379 599 3437 Pro
623 3375 742 3456 11131911
764 3381 866 3454 galeoe,
891 3380 972 3457 quod
994 3385 1047 3439 aut
1069 3384 1159 3439 cristo
1181 3399 1246 3438 esse
1268 3383 1377 3458 poterat,

274 3489 326 3540 aut
348 3482 448 3553 druco,
473 3499 573 3558 gryps,
596 3481 703 3558 sphinx
727 3481 845 3540 aliudue
868 3489 1048 3555 monstrum,
1072 3485 1293 3541 convivantium
1313 3499 1378 3540 ruore

274 3589 365 3660 caput
387 3603 495 3642 corona
517 3589 647 3656 ornatur,
672 3604 700 3642 v.
724 3583 797 3644 Hor.
816 3584 870 3644 Od.
894 3585 917 3658 Ι,
943 3587 991 3644 36.
1028 3585 1147 3645 Lucret.
1172 3585 1206 3656 V,
1234 3589 1310 3644 1397
1331 3603 1377 3658 sq.:

278 3687 369 3758 „Tum
393 3692 482 3761 caput
505 3692 592 3763 atque
615 3686 755 3746 humeros
777 3687 873 3763 plexis
901 3688 1040 3747 redimire
1064 3691 1183 3746 coronis
1205 3687 1336 3746 Floribus
1355 3691 1377 3741 st

273 3790 353 3847 foliis
382 3789 504 3847 lascivis
531 3790 601 3847 luta
628 3787 799 3850 mouebat“.
830 3819 872 3830 -
901 3793 950 3850 69.
985 3791 1052 3849 Non
1082 3791 1198 3848 hostsm
1220 3793 1310 3866 gerit,
1339 3785 1376 3845 scd

274 3893 344 3950 talis
367 3891 453 3964 ludit,
477 3911 536 3949 non
554 3892 675 3952 loricam
694 3893 761 3965 fert,
786 3891 838 3951 sed
856 3894 983 3968 pallium
1004 3893 1107 3966 molle;
1129 3887 1284 3952 malacum
1305 3913 1328 3952 a.
1348 3889 1376 3948 ad

273 3995 379 4073 Amph.
404 3997 474 4054 311.
519 3993 592 4052 Inde
614 4013 682 4054 mox
704 4015 732 4054 v.
752 3999 789 4054 71
815 3991 1023 4068 marcessere,
1046 3999 1209 4070 μαλακίζειν,
1234 4003 1280 4054 est
1300 3993 1376 4053 nolli·

273 4119 352 4158 orem
370 4098 505 4156 reddere.
529 4127 565 4136 -
586 4099 634 4157 70.
665 4093 725 4159 Ubi
741 4095 786 4157 mi
803 4099 999 4170 Hermannus,
1024 4105 1054 4155 et
1072 4099 1113 4156 sio
1130 4097 1375 4175 pronuntiandum.

266 4215 329 4275 pro
353 4217 429 4278 equo
451 4201 520 4258 olim
544 4201 732 4259 emendatum
752 4206 814 4271 est;
839 4202 910 4258 item
930 4195 1063 4260 accubet.
1080 4231 1122 4242 -
1140 4201 1190 4260 71.
1214 4195 1291 4260 mile
1309 4213 1375 4266 surm

274 4305 345 4379 quid
374 4306 467 4378 igitur
495 4311 548 4362 tua
576 4303 689 4362 refert?
740 4303 783 4364 cf.
814 4304 902 4380 Epid.
933 4305 1009 4363 340:
1053 4303 1146 4376 „Mihi
1177 4323 1275 4377 cesso,
1308 4319 1375 4380 quon

275 4403 351 4464 sto.“
368 4435 408 4445 —
428 4409 476 4466 72.
501 4403 675 4482 operariam
697 4407 779 4479 dicit,
804 4427 868 4484 quae
888 4425 1008 4482 operam
1025 4406 1091 4479 dst3
1114 4409 1281 4465 meretricis
1298 4413 1375 4463 sutem
