2916 5006
261 527 324 586 476
765 523 882 594 Captiui.

261 740 360 776 errore
383 720 471 778 Mon.
502 722 578 778 1082
603 720 689 778 codd.
717 720 815 797 „qnod
839 739 916 796 agas,
943 723 970 778 id
995 719 1094 798 agas“,
1119 723 1169 780 ubi
1193 724 1261 780 olim
1283 743 1362 779 eman·

261 823 361 881 datum
388 823 484 898 „quod
508 821 618 896 agis“.)
642 818 758 896 *Quod
788 831 886 883 autem
914 827 1079 896 Acidaliae,
1114 825 1245 884 Divinat.
1277 845 1302 901 p.
1324 827 1364 896 93,

260 933 329 984 ante
353 927 414 984 236
442 927 577 984 lacunam
609 945 673 984 esse
702 929 823 1000 statuit,
859 931 994 1004 quamvis
1029 932 1207 988 recentiores
1241 927 1302 986 edd.
1328 947 1364 984 se

260 1033 403 1106 quantur,
433 1029 553 1105 probari
576 1030 694 1107 nequit,
724 1050 792 1088 narn
820 1031 884 1088 loco
908 1035 986 1090 recte
1009 1033 1163 1090 intellecto
1186 1030 1322 1109 praecedit
1340 1031 1365 1088 id

259 1135 366 1210 ipsum,
390 1131 469 1208 quod
493 1131 653 1205 desiderat,
678 1133 840 1194 admonitio
863 1136 951 1206 servi,
974 1155 1011 1192 ne
1029 1135 1117 1192 herus
1135 1133 1269 1192 beneficii
1287 1133 1366 1189 oblati

259 1237 414 1294 immemor
435 1239 484 1294 sit.
501 1265 545 1275 -
562 1238 633 1294 237.
657 1236 685 1294 te
706 1233 744 1311 si,
767 1237 823 1296 hoc
847 1238 952 1296 ordine
969 1239 1028 1296 iam
1047 1237 1115 1297 edd.
1130 1240 1270 1313 antiquae.
1302 1237 1367 1311 Tyn·

260 1339 351 1396 durus
373 1339 446 1396 hero
469 1357 527 1396 non
551 1338 640 1398 aliter
662 1359 750 1416 quam
772 1341 906 1417 patries
929 1341 1054 1400 suadere
1077 1341 1163 1400 dixit.
1210 1342 1312 1411 Immo,
1332 1359 1367 1396 re

260 1441 390 1518 spondet
412 1441 604 1513 Philocrates,
626 1447 660 1500 tu
684 1443 754 1501 mihi
777 1444 872 1520 petris
894 1445 959 1502 loco
984 1463 1024 1502 es.
1049 1471 1090 1484 -
1114 1445 1175 1502 239
1201 1444 1369 1520 septenarius

259 1543 440 1616 trochaicus,
476 1545 526 1601 sed
556 1546 649 1603 malus
677 1551 708 1603 et
735 1546 798 1604 sine
830 1547 962 1619 diaeresi3
1003 1546 1051 1605 Br.
1081 1553 1199 1604 mutato
1227 1545 1369 1604 verbomm

259 1647 377 1705 ordine:
423 1667 547 1721 ‚,moneo
581 1650 687 1724 saepius
716 1654 746 1706 te
769 1669 797 1708 u.
822 1647 900 1722 m.“;
934 1652 1117 1708 octonarium
1146 1649 1260 1708 iaciunt
1286 1647 1368 1724 Gepp.

263 1748 484 1828 ‚‚saepiuscule“‚
507 1751 553 1810 Fl.
575 1753 700 1828 „saepius
719 1749 788 1810 ted“
809 1753 981 1812 scribentes.
999 1783 1043 1792 —
1064 1749 1180 1812 Audio
1223 1752 1370 1824 „Libenter

260 1853 315 1911 hoc
344 1849 488 1912 admitto“
520 1861 641 1913 enarrat
670 1853 805 1914 Donatus
827 1856 865 1915 ed
893 1857 960 1915 Ter.
990 1855 1065 1914 Eun.
1091 1859 1168 1927 3713
1204 1855 1240 1913 cf.
1264 1855 1369 1912 Phorm.

261 1957 331 2015 236.
377 1956 470 2014 Andr.
497 1961 566 2017 552.
619 1957 678 2016 Cic.
702 1957 788 2018 Rosc.
812 1959 877 2018 Am.
905 1961 958 2033 18,
984 1961 1032 2019 52.
1078 1959 1176 2017 Pleut.
1201 1959 1285 2017 Cure.
1308 1959 1369 2016 olo.

258 2089 300 2099 --
324 2061 385 2119 240
408 2067 504 2118 octon.
528 2061 623 2119 trech.
649 2077 817 2121 consertos
839 2062 953 2122 Acidal.
977 2083 1032 2122 em.
1055 2067 1090 2120 ut
1113 2063 1185 2120 242.

346 2164 492 2222 241-49
515 2164 610 2223 troch.
635 2167 806 2241 septenarii.
849 2167 920 2224 242.
951 2155 994 2226 Ut
1015 2165 1077 2243 qut,
1101 2185 1129 2223 v.
1149 2163 1188 2222 ad
1206 2165 1288 2222 Asin.
1308 2165 1369 2221 501.

259 2281 346 2324 erum
372 2267 432 2324 ium
459 2269 490 2325 in
514 2267 536 2324 B
560 2267 758 2327 emendatum.
809 2283 878 2327 esse
904 2261 1033 2344 priorem
1064 2271 1200 2345 corripit.
1238 2296 1274 2308 ··-
1307 2267 1369 2323 243.

259 2364 390 2428 antehoc
411 2370 536 2428 fortasse
559 2375 589 2428 et
611 2372 705 2446 ipsum
729 2373 839 2447 corripi
862 2373 971 2448 potnit,
995 2391 1023 2429 v.
1047 2371 1164 2448 Proleg.
1182 2391 1212 2448 p.
1233 2371 1306 2440 203;
1326 2367 1369 2424 sed

262 2466 353 2547 Quod
367 2491 473 2548 perum
495 2477 577 2531 recte
599 2472 724 2546 dicitur3
746 2493 800 2533 nec
823 2475 899 2532 enim
923 2475 977 2532 hoc
999 2493 1130 2550 uuquam
1148 2479 1238 2532 antea
1256 2475 1371 2549 impera-

258 2581 352 2631 verat.
398 2575 443 2633 Fl.
471 2573 600 2648 „Quom“
627 2576 683 2649 ed,
713 2575 831 2636 Miiller.
860 2572 964 2649 „Qai“‚
989 2597 1077 2653 quem
1101 2584 1221 2635 secutus
1245 2596 1313 2634 snm.
1336 2603 1370 2614 -

259 2677 330 2736 245.
354 2677 465 2736 Versus
489 2679 567 2735 iusto
589 2679 715 2756 longior.
750 2679 838 2738 Both.
859 2695 917 2756 que
939 2681 1063 2751 delevit3
1089 2680 1224 2738 Lindem.
1247 2681 1291 2738 Br.
1308 2693 1371 2747 θοῆς

259 2775 303 2838 Fl.
334 2779 428 2857 Gepp.
458 2797 630 2855 commune,
665 2783 717 2841 sed
744 2787 779 2840 ut
805 2783 856 2840 ille
888 2783 985 2860 „quod
1015 2779 1106 2841 mihi“
1139 2783 1297 2854 scriberet,
1328 2779 1372 2836 hic

263 2903 376 2954 „meum
400 2884 511 2961 quod“.
562 2881 681 2946 hostica
709 2887 836 2963 priorem
866 2887 1004 2963 corripit,
1037 2905 1063 2944 v.
1088 2887 1169 2945 Prol.
1192 2907 1222 2963 p.
1247 2885 1314 2943 201.
1335 2911 1368 2922 -

261 2989 322 3045 246
345 2982 490 3047 amnibus
511 2991 570 3047 iam
594 2992 724 3067 entique
748 2988 815 3048 edd.
835 3019 877 3030 -
900 2990 970 3047 247.
994 2985 1173 3049 meraiatsrc
1193 2983 1370 3056 cincinnis,

259 3111 286 3149 v.
310 3091 347 3148 ad
377 3091 443 3149 Aul.
471 3094 539 3152 174.
585 3091 629 3151 De
657 3091 693 3151 rat
719 3096 847 3168 repetito
875 3092 912 3150 ad
939 3092 1006 3150 Aul.
1030 3093 1102 3152 786.
1126 3121 1168 3132 -
1198 3096 1268 3152 248.
1290 3091 1371 3166 pola-3

258 3199 339 3251 recte
362 3200 431 3254 cett.
455 3195 539 3253 codd.
564 3225 606 3236 -·
628 3195 700 3254 249.
723 3191 910 3269 manante,
935 3215 961 3253 r.
986 3194 1086 3254 Madv.
1110 3195 1170 3254 Cic.
1194 3196 1261 3254 Fin.
1284 3196 1305 3265 l,
1329 3195 1369 3263 10,

260 3299 308 3354 34.
355 3298 506 3374 Repetitio
539 3299 669 3356 eiusdem
698 3299 831 3357 notionis
857 3303 892 3356 ut
919 3300 950 3356 in
973 3299 1157 3357 substantivo
1181 3307 1212 3357 et
1236 3299 1370 3357 ediec-tiro

258 3399 297 3472 (v.
321 3401 358 3458 ud
381 3401 487 3477 Amph.
514 3399 604 3474 274),
639 3403 681 3460 ita
708 3405 740 3460 in
762 3403 854 3460 verbo
876 3407 907 3459 et
930 3401 1072 3460 adverbio
1096 3401 1202 3460 Plauto
1226 3400 1370 3460 admodum

258 3503 364 3580 placet,
385 3504 421 3562 of.
435 3505 626 3582 Amph.413.
661 3505 915 3566 cataracten
945 3503 1102 3564 casale:
1131 3501 1369 3582 „cupidecnpis“.

258 3605 366 3666 Pseud.
383 3610 477 3667 1295:
501 3613 552 3681 „ut
563 3607 681 3667 madida
693 3605 858 3668 madeam“.
891 3607 982 3667 Poen.
998 3607 1073 3667 609:
1089 3609 1261 3683 „sapienter
1272 3601 1369 3684 snpit“.

259 3708 342 3768 Pere.
367 3711 443 3769 428:
470 3711 588 3784 „aalide
611 3709 722 3772 ualet“.
768 3711 887 3771 Trucul.
912 3713 988 3770 353:
1018 3711 1133 3782 „nitide
1156 3709 1264 3769 nitet“.
1287 3739 1326 3750 —-
1346 3708 1369 3765 Si

258 3829 361 3870 versus
384 3819 463 3872 recto
480 3814 618 3888 traditur,
641 3810 700 3875 huc
715 3816 824 3891 corripi
842 3813 975 3887 videtur3
999 3814 1118 3872 Mulier.
1138 3814 1259 3872 maluit:
1287 3815 1369 3886 ,inest

258 3915 343 3973 nobis
366 3914 465 3994 specil,
488 3923 522 3974 ut
548 3915 628 3990 „est“
655 3920 874 3995 corriperetur;
899 3916 943 3975 Fl.
971 3923 1035 3989 „eet
1056 3917 1142 3975 nohis
1165 3914 1265 3992 sper“.

345 4019 415 4078 250.
455 4019 550 4078 Scene
583 4021 741 4080 trochaicis
774 4021 950 4098 septenariis
984 4022 1105 4097 scripta.
1164 4019 1261 4093 Hegio
1295 4019 1370 4076 domo

258 4121 413 4198 egrediens
434 4124 479 4197 iis,
504 4127 555 4200 qui
578 4127 657 4182 intro
679 4130 756 4197 sunt,
781 4125 854 4182 dicit
876 4144 909 4180 se
932 4123 1015 4182 brevi
1039 4123 1203 4182 rediturum
1229 4141 1299 4180 esse.
1340 4132 1371 4176 cr

109 4259 112 4264 ·
149 4281 151 4286 ,
258 4219 318 4298 his,
343 4231 478 4304 captivis.
502 4257 544 4266 -
568 4229 638 4286 251.
669 4219 846 4286 Uiriathi?
869 4247 935 4286 num
960 4223 1145 4286 secesserant
1167 4225 1369 4302 custodisper·

258 4332 360 4389 misen.
389 4361 430 4370 -
466 4333 535 4390 252.
571 4326 628 4389 tibi
654 4345 694 4388 ae
721 4327 755 4389 ia
784 4329 965 4407 quaestione
988 4345 1141 4400 creemur,
1177 4331 1196 4388 i.
1220 4349 1245 4387 e.
1269 4345 1369 4386 nenos
