2928 5010
99 505 258 574 Ilm-18
599 509 718 580 captiui·
1157 521 1216 582 157

560 699 754 766 Lorarius

97 802 277 870 Eiulatioue
300 805 391 872 haud
413 825 497 892 opus
521 813 589 888 cst;
613 808 716 874 oculis
738 808 874 876 multam
896 811 1013 876 miram
1034 811 1163 894 dicitis3

95 911 129 977 lu
148 933 185 978 re
208 913 298 980 mala
320 915 430 981 auimo
454 915 482 980 si
504 913 591 981 bono
614 921 719 997 utare,
743 917 889 984 adiuuat.

571 1045 737 1132 Captiui

94 1153 133 1219 At
152 1175 214 1221 uos
237 1154 347 1240 pudet,
370 1155 446 1238 quia
469 1175 542 1220 cum
565 1157 691 1222 catenis
714 1178 836 1223 sumus.
927 1211 931 1220 .

560 1285 754 1353 Lorarius

882 1398 925 1462 At
946 1399 1057 1482 pigeat
1079 1405 1196 1482 postea

93 1505 247 1571 Nostrum
270 1523 371 1584 erum,
395 1504 424 1569 si
445 1524 505 1569 uos
528 1505 652 1569 eximat
674 1503 814 1570 uinculis

92 1615 155 1679 Aut
177 1613 304 1678 solutos
326 1612 423 1692 sinat,
448 1633 532 1695 quos
555 1618 691 1696 argento
716 1613 841 1679 emerit.
1167 1635 1218 1687 205

569 1741 736 1828 Captiui

92 1853 177 1933 Quid
200 1874 221 1918 a
241 1850 337 1918 uobis
360 1851 500 1916 metuit?
546 1850 673 1917 Scimus
697 1873 767 1932 uos,

92 1963 248 2030 Nostrum
271 1958 413 2027 officium
436 1959 524 2044 quod
547 1965 607 2038 est,
631 1962 658 2025 si
682 1960 807 2026 solutos
830 1961 925 2026 sinat.

560 2089 754 2156 Lorarius

89 2205 131 2269 lt
152 2200 264 2286 fugam
285 2199 425 2283 fingitis3
450 2199 565 2278 sentio,
590 2220 688 2281 quam
711 2221 780 2266 rem
803 2201 911 2284 agitis.

574 2329 740 2414 Captiui

91 2443 158 2508 Nos
181 2440 367 2526 fugiamus?
412 2438 483 2518 Quo
506 2437 690 2521 fugiamus?

562 2569 756 2635 Lorarius

603 2677 641 2742 Iu
664 2681 816 2760 patriam.

572 2807 744 2893 Captiui

694 2919 816 3002 Apage.
841 2918 928 2984 haud
952 2941 1013 2986 uos
1037 2919 1071 2984 id
1095 2920 1219 2998 deceat,

89 3031 260 3114 Fugitiuos
282 3027 413 3092 imitari.

560 3133 755 3198 horarius

294 3243 398 3308 Immo
421 3241 548 3326 edepol,
572 3243 599 3308 si
623 3245 687 3307 erit
710 3243 847 3320 occasio,
871 3243 961 3308 haud
985 3243 1150 3310 dehortor.
1170 3262 1221 3314 210

525 3373 785 3439 Philocrates

90 3483 197 3548 Unum
220 3501 360 3548 exorare
382 3501 443 3546 uos
467 3481 563 3547 sinite
586 3503 655 3548 uos.

555 3606 756 3672 Lorarius

589 3713 753 3792 Quidnam
776 3715 810 3780 id
834 3715 906 3781 est?

529 3839 789 3906 Philocrates

813 3947 859 4014 Ut
883 3949 952 4015 sine
974 3949 1063 4014 hisce
1087 3949 1220 4016 arbitris

13 4110 19 4128 .
92 4056 199 4142 Atque
221 4057 319 4124 uobis
341 4055 436 4122 nobis
460 4055 545 4122 detis
568 4057 678 4123 locum
700 4055 868 4141 loquendi.

159 4313 208 4366 2o1
227 4311 316 4366 multa
334 4312 423 4368 oculis
443 4313 530 4368 multa
549 4313 695 4367 miraclitis
787 4314 837 4367 203
855 4311 993 4367 catenatis
1089 4311 1222 4381 adpigcat

92 4395 144 4449 205
160 4397 288 4466 sinatque
307 4415 376 4467 quos
