2916 5006
535 537 564 590 V.
584 537 729 591 621-643.

78 735 133 792 635
154 759 721 780 ------------

78 838 132 894 636
155 857 824 882 υυυυυυυυυυυυυυυ
842 863 877 876 .-

77 939 132 996 637
155 963 834 986 υυυυυυυυυυυυυυυ
851 965 885 978 ...

78 1041 133 1100 638
154 1067 826 1089 υυυυυυυυυυυυυυυ
845 1069 879 1082 ..-

77 1145 142 1202 633.
164 1139 209 1202 ot
230 1143 418 1202 scribendum
441 1161 504 1200 esse
521 1142 706 1201 Camerarius
724 1143 883 1202 intellexit.
895 1173 939 1184 —
955 1157 1021 1202 non
1039 1139 1197 1220 pollicear.

79 1245 238 1317 „Subaudi2
263 1245 315 1304 sed
333 1243 417 1304 dem“
433 1247 475 1304 ait
487 1245 537 1318 R.;
561 1245 747 1322 Spengelius,
768 1245 866 1305 Plaut.
879 1267 909 1324 p.
926 1247 995 1317 160,
1013 1247 1199 1322 negationem

75 1347 203 1421 tollebat,
228 1349 294 1408 coll.
318 1347 406 1425 Epid.
433 1349 511 1406 327:
550 1349 593 1420 „si
615 1348 713 1406 hercle
735 1347 874 1422 habeam,
896 1348 1041 1426 pollicear
1062 1343 1197 1408 lnbcns“.

76 1449 151 1509 Pers.
176 1453 235 1510 46:
265 1453 308 1523 „si
331 1451 362 1508 id
386 1449 465 1508 domi
488 1453 567 1508 esset
590 1449 673 1522 mihi,
697 1449 756 1507 iam
778 1447 967 1527 pollicerer“.
990 1479 1033 1490 ··-
1053 1446 1138 1524 coui,
1161 1451 1197 1510 ci.

77 1553 140 1612 Aul.
164 1555 237 1638 426.
263 1555 334 1612 234.
379 1551 492 1611 Ritsoh.
516 1551 577 1611 Fl:
612 1553 701 1626 „noui
723 1557 822 1626 tuum,
846 1551 887 1610 Et
908 1554 967 1612 nisi
991 1572 1088 1627 ames,
1121 1573 1200 1612 nuno

77 1655 129 1713 tibi
150 1655 241 1714 fidem
269 1655 394 1714 habeam
423 1657 538 1713 tantam
566 1659 708 1730 quantam
737 1651 937 1714 maxumam“.
960 1685 1003 1696 -
1033 1657 1104 1715 634.
1135 1671 1200 1716 non

76 1761 171 1817 sensui
199 1761 381 1816 contrarium
409 1763 470 1830 sst;
505 1757 578 1814 dicit
609 1759 686 1815 enim
716 1777 747 1816 se
774 1760 927 1832 ingenium
956 1759 1019 1816 eius
1047 1759 1090 1816 ita
1112 1779 1199 1818 nosse

76 1864 107 1918 ut
128 1861 217 1918 facile
241 1859 358 1934 credat,
390 1879 457 1918 eum
478 1859 537 1918 sibi
559 1861 659 1919 omnia
681 1861 833 1932 daturum,
864 1860 1003 1918 sedtum
1027 1859 1143 1918 demum
1166 1879 1198 1918 se

76 1967 182 2020 certam
206 1963 271 2020 eius
293 1963 337 2021 rei
354 1961 442 2020 iidem
458 1962 646 2036 habiturum,
670 1964 696 2022 si
715 1982 773 2021 non
790 1967 913 2022 amaret.
953 1963 1065 2022 Bitsch.
1081 1958 1195 2036 „nunc“

76 2064 245 2138 substituit;
278 2063 351 2122 mihi
374 2069 425 2124 aut
447 2065 607 2124 delendum
628 2065 764 2138 ridetur,
788 2069 821 2124 ut
843 2085 879 2124 ex
901 2065 1089 2124 antecedenti
1110 2084 1199 2123 versu

76 2165 204 2240 illatum,
237 2173 289 2226 aut
314 2163 427 2240 „hanc“
458 2167 708 2227 substituendum.
739 2198 782 2208 —
810 2170 870 2227 635
895 2187 959 2245 sqq.
994 2167 1056 2226 Hos
1079 2186 1198 2244 quoque

76 2287 175 2328 versus
203 2269 239 2329 R.
264 2267 310 2330 Fl.
333 2275 368 2328 ut
396 2269 562 2328 trochaicus
584 2271 729 2342 facerent,
760 2273 843 2329 varic
872 2277 1033 2330 mutarunt.
1055 2300 1098 2310 -
1127 2272 1197 2329 635.

80 2367 198 2449 „moos
220 2371 275 2432 eat
298 2373 421 2432 marum
443 2387 563 2444 rerum,
594 2374 666 2432 satie
688 2375 802 2448 negotii
824 2375 889 2452 ipse
910 2373 1017 2446 habes,
1047 2375 1121 2432 satis
1142 2393 1198 2452 pro

76 2476 133 2532 tuis
154 2474 245 2533 rebus
268 2475 411 2534 sollicitus
435 2471 496 2550 es“,
520 2475 621 2548 Grem,
645 2476 682 2534 cf.
705 2475 774 2536 Ter.
798 2475 904 2535 Heaut.
929 2477 1004 2536 225:
1035 2475 1128 2550 „Nam
1150 2475 1199 2535 hic

77 2573 180 2649 Clinia,
218 2580 275 2635 etsi
304 2579 328 2635 is
355 2595 475 2654 quoque
503 2598 622 2637 suarum
649 2597 750 2636 rerum
773 2584 820 2637 sat
842 2575 966 2654 agitat“.
1010 2579 1100 2657 Apul.
1124 2579 1195 2638 Met.

76 2676 150 2752 vm,
177 2681 227 2738 17.
267 2679 342 2740 Gell.
365 2679 425 2754 IX,
452 2683 499 2754 11,
524 2683 558 2740 4:
603 2681 848 2754 „instruebantur
876 2683 954 2740 acies
982 2702 1001 2741 a
1028 2681 1196 2741 consulibus

76 2779 109 2838 de
129 2783 160 2839 vi
183 2801 218 2840 ac
239 2781 432 2840 multitudine
454 2783 583 2842 hostium
605 2781 839 2860 satagentibus“.
884 2784 967 2845 hein.
992 2786 1063 2844 437.

157 2885 229 2943 639.
255 2883 423 2960 Chrysalus,
441 2885 545 2944 fraude
568 2907 621 2944 sua
642 2887 800 2963 pecuniam
817 2886 890 2946 hero
909 2892 1109 2964 comparatam
1133 2905 1196 2945 esse

75 2988 162 3058 ratus,
186 2987 274 3044 lectus
296 2993 327 3045 et
343 2987 557 3064 gloriabundus
575 2989 696 3047 incedit.
732 2987 885 3047 Canticum
902 2991 1062 3048 maximam
1078 2995 1195 3064 partem

76 3089 188 3147 creticis
211 3089 343 3147 numeris
367 3095 496 3164 constat;
526 3091 579 3149 sed
601 3111 619 3150 a
640 3091 736 3149 tribus
759 3091 919 3149 octonariis
941 3091 1100 3149 trochaicis
1122 3092 1196 3149 inci·

75 3207 141 3264 pore
167 3191 304 3264 videtum
338 3191 456 3251 Miller.
488 3193 532 3252 Pl.
547 3193 648 3253 -Pros
672 3197 712 3253 95
742 3213 786 3269 sq.
816 3194 1008 3270 anapaesticos
1037 3193 1116 3250 facit.
1161 3191 1197 3249 In

75 3292 167 3368 primo
189 3313 292 3365 versu,
327 3292 352 3350 'si
374 3299 454 3352 recte
476 3295 631 3368 scribitur,
661 3301 692 3353 et
720 3300 752 3354 in
775 3296 890 3353 diaecesi
918 3295 1019 3354 hiatur
1047 3299 1078 3352 et
1102 3289 1195 3366 decet,

76 3398 204 3470 quamvis
239 3401 381 3472 sequente
415 3401 457 3472 et,
496 3401 690 3474 posteriorem
723 3399 843 3457 brevem
876 3397 981 3470 habet3
1024 3395 1124 3456 Herm.
1160 3395 1195 3454 R.

75 3495 117 3556 Fl.
139 3497 324 3557 facilioribus
346 3499 492 3558 numeris:
525 3505 674 3573 „statuam
701 3501 792 3560 statui
822 3495 937 3559 deect“.
983 3497 1143 3576 Chrysalus
1165 3499 1196 3557 in

75 3599 287 3674 significatione
308 3601 437 3660 nominis
459 3603 505 3660 sui
528 3603 643 3677 ludens,
668 3623 698 3662 se
720 3609 783 3662 tam
805 3601 968 3680 pretiosum
992 3621 1109 3662 servum
1132 3621 1196 3660 esse

76 3701 122 3774 ait,
145 3708 180 3760 ut
203 3705 269 3761 anri
290 3703 409 3782 pondus
432 3723 518 3762 suum
539 3707 638 3782 pretio
661 3711 767 3784 aequat,
791 3711 823 3763 at
846 3709 882 3762 ut
904 3723 995 3764 aurea
1016 3709 1118 3764 statua
1140 3703 1196 3763 sibi

75 3805 141 3877 poni
158 3804 276 3865 debeat.
300 3835 343 3848 -·
365 3807 436 3866 646.
461 3801 577 3882 duplet
593 3813 761 3885 posteriore
776 3807 871 3880 brevi,
896 3806 932 3865 cf.
949 3807 1067 3883 Proleg.
1080 3828 1110 3884 p.
1124 3809 1195 3866 202.

75 3903 171 3966 Herm.
184 3913 315 3986 transpz
344 3909 418 3982 „ieci
435 3907 523 3968 hodie
539 3909 686 3970 faoincs“.
721 3911 757 3969 R.
769 3929 807 3967 ex
816 3909 913 3968 Brixii
930 3913 1007 3968 coni.
1024 3904 1195 3984 „duplum“.

76 4035 115 4046 ·-
138 4011 208 4070 641.
232 4011 266 4070 ut
288 4026 343 4088 epo
365 4005 454 4071 bodie
477 4006 542 4070 lusi
564 4011 668 4086 codd.;
691 4013 800 4072 R.Fl.:
829 4009 919 4088 „ita“‚
943 4011 1023 4089 quod
1045 4011 1117 4088 quid
1139 4007 1197 4068 sibi

76 4110 153 4186 velit,
176 4133 237 4172 non
258 4113 404 4188 intelligo.
449 4111 600 4172 Orationis
624 4115 719 4173 forma
740 4117 846 4174 eadem
867 4121 914 4174 eet
934 4135 963 4174 v.
982 4116 1054 4173 790.
1072 4141 1116 4154 -
1134 4113 1194 4171 646

77 4219 187 4274 constat
217 4235 253 4274 ex
286 4217 518 4293 penthemimere
550 4217 702 4275 trochaico
729 4219 873 4295 repetito,
907 4223 942 4276 ut
970 4218 1040 4276 618.
1065 4246 1106 4258 -
1135 4215 1195 4272 643

76 4317 246 4376 tetrameter
273 4321 409 4378 creticus.
438 4349 483 4360 -
511 4319 573 4378 644
596 4319 702 4377 similis
725 4321 796 4379 642.
819 4349 864 4362 -
892 4321 968 4394 645,
992 4321 1043 4396 qui
1070 4319 1103 4377 in
1131 4315 1196 4375 cod.

77 4413 186 4478 Bcum
215 4419 404 4488 antecedenti
432 4422 581 4500 iungitur,
616 4422 703 4496 item,
738 4423 764 4480 si
791 4436 861 4482 oum
887 4439 947 4480 non
975 4419 1126 4481 coalescit.
1154 4447 1198 4460 --

940 4533 989 4588 27*
