<?xml version="1.0" encoding="UTF-8"?>
<!DOCTYPE html PUBLIC "-//W3C//DTD XHTML 1.0 Transitional//EN"
    "http://www.w3.org/TR/xhtml1/DTD/xhtml1-transitional.dtd">
<html xmlns="http://www.w3.org/1999/xhtml" xml:lang="en" lang="en">
 <head>
  <title>
</title>
<meta http-equiv="Content-Type" content="text/html;charset=utf-8" />
  <meta name='ocr-system' content='tesseract 3.04.00' />
  <meta name='ocr-capabilities' content='ocr_page ocr_carea ocr_par ocr_line ocrx_word'/>
</head>
<body>
  <div class='ocr_page' id='page_1' title='image "./tmacciiplautico00ussigoog_0490.png"; bbox 0 0 2916 5006; ppageno 0'>
   <div class='ocr_carea' id='block_1_1' title="bbox 556 475 1209 576">
    <p class='ocr_par' dir='ltr' id='par_1_1' title="bbox 556 475 1209 576">
     <span class='ocr_line' id='line_1_1' title="bbox 556 475 1209 576; baseline 0.003 -18"><span class='ocrx_word' id='word_1_1' title='bbox 556 507 578 558; x_wconf 91' lang='lat' dir='ltr'>V</span> <span class='ocrx_word' id='word_1_2' title='bbox 612 475 750 560; x_wconf 60' lang='lat' dir='ltr'><strong>ltin-sslsl.</strong></span> <span class='ocrx_word' id='word_1_3' title='bbox 1050 539 1059 559; x_wconf 86' lang='lat'><strong>.</strong></span> <span class='ocrx_word' id='word_1_4' title='bbox 1154 517 1209 576; x_wconf 77' lang='lat'><strong>471</strong></span> 
     </span>
    </p>
   </div>
   <div class='ocr_carea' id='block_1_2' title="bbox 87 703 1218 1606">
    <p class='ocr_par' dir='ltr' id='par_1_2' title="bbox 87 703 1218 1606">
     <span class='ocr_line' id='line_1_2' title="bbox 87 703 1214 780; baseline 0.002 -18"><span class='ocrx_word' id='word_1_5' title='bbox 87 706 187 762; x_wconf 67' lang='lat' dir='ltr'><strong>manuni</strong></span> <span class='ocrx_word' id='word_1_6' title='bbox 217 707 436 764; x_wconf 77' lang='lat' dir='ltr'><strong>enarrationem</strong></span> <span class='ocrx_word' id='word_1_7' title='bbox 468 703 605 765; x_wconf 86' lang='lat' dir='ltr'><strong>afferam:</strong></span> <span class='ocrx_word' id='word_1_8' title='bbox 644 703 787 776; x_wconf 79' lang='lat' dir='ltr'><strong>„Dixerat</strong></span> <span class='ocrx_word' id='word_1_9' title='bbox 811 703 921 777; x_wconf 81' lang='lat' dir='ltr'><strong>Hegio:</strong></span> <span class='ocrx_word' id='word_1_10' title='bbox 955 705 1097 778; x_wconf 85' lang='lat' dir='ltr'><strong>Agesis,</strong></span> <span class='ocrx_word' id='word_1_11' title='bbox 1131 725 1214 780; x_wconf 88' lang='lat' dir='ltr'><strong>roge,</strong></span> 
     </span>
     <span class='ocr_line' id='line_1_3' title="bbox 88 805 1218 884; baseline 0.004 -20"><span class='ocrx_word' id='word_1_12' title='bbox 88 809 210 881; x_wconf 89' lang='lat' dir='ltr'><strong>quanti,</strong></span> <span class='ocrx_word' id='word_1_13' title='bbox 240 808 258 866; x_wconf 93' lang='lat' dir='ltr'><strong>i.</strong></span> <span class='ocrx_word' id='word_1_14' title='bbox 283 827 308 866; x_wconf 92' lang='lat' dir='ltr'><strong>e.</strong></span> <span class='ocrx_word' id='word_1_15' title='bbox 333 827 421 884; x_wconf 85' lang='lat' dir='ltr'><strong>quam</strong></span> <span class='ocrx_word' id='word_1_16' title='bbox 450 809 530 866; x_wconf 75' lang='lat' dir='ltr'><strong>laste</strong></span> <span class='ocrx_word' id='word_1_17' title='bbox 557 827 674 866; x_wconf 84' lang='lat' dir='ltr'><strong>meeum</strong></span> <span class='ocrx_word' id='word_1_18' title='bbox 702 825 809 866; x_wconf 83' lang='lat' dir='ltr'><strong>cenare</strong></span> <span class='ocrx_word' id='word_1_19' title='bbox 838 807 921 866; x_wconf 79' lang='lat' dir='ltr'><strong>valis.</strong></span> <span class='ocrx_word' id='word_1_20' title='bbox 973 805 1027 864; x_wconf 87' lang='lat' dir='ltr'><strong>Cui</strong></span> <span class='ocrx_word' id='word_1_21' title='bbox 1056 808 1218 884; x_wconf 73' lang='lat' dir='ltr'>respondet</span> 
     </span>
     <span class='ocr_line' id='line_1_4' title="bbox 87 909 1214 988; baseline 0.003 -20"><span class='ocrx_word' id='word_1_22' title='bbox 87 911 236 985; x_wconf 75' lang='lat' dir='ltr'><strong>parasitus</strong></span> <span class='ocrx_word' id='word_1_23' title='bbox 265 909 339 968; x_wconf 90' lang='lat' dir='ltr'>nihil</span> <span class='ocrx_word' id='word_1_24' title='bbox 367 929 472 970; x_wconf 80' lang='lat' dir='ltr'><strong>curans</strong></span> <span class='ocrx_word' id='word_1_25' title='bbox 505 911 651 988; x_wconf 82' lang='lat' dir='ltr'><strong>pretium:</strong></span> <span class='ocrx_word' id='word_1_26' title='bbox 687 909 797 986; x_wconf 81' lang='lat' dir='ltr'><strong>Empta</strong></span> <span class='ocrx_word' id='word_1_27' title='bbox 825 929 873 968; x_wconf 86' lang='lat' dir='ltr'><strong>res</strong></span> <span class='ocrx_word' id='word_1_28' title='bbox 902 915 963 982; x_wconf 87' lang='lat' dir='ltr'><strong>est;</strong></span> <span class='ocrx_word' id='word_1_29' title='bbox 997 915 1083 968; x_wconf 86' lang='lat' dir='ltr'><strong>eante</strong></span> <span class='ocrx_word' id='word_1_30' title='bbox 1115 915 1214 972; x_wconf 90' lang='lat' dir='ltr'><strong>tamon</strong></span> 
     </span>
     <span class='ocr_line' id='line_1_5' title="bbox 88 987 1215 1092; baseline 0.002 -22"><span class='ocrx_word' id='word_1_31' title='bbox 88 1011 188 1070; x_wconf 86' lang='lat' dir='ltr'><strong>addit:</strong></span> <span class='ocrx_word' id='word_1_32' title='bbox 213 1013 271 1072; x_wconf 85' lang='lat' dir='ltr'><strong>nisi</strong></span> <span class='ocrx_word' id='word_1_33' title='bbox 299 987 351 1088; x_wconf 78' lang='lat' dir='ltr'><strong>qui</strong></span> <span class='ocrx_word' id='word_1_34' title='bbox 374 1014 525 1074; x_wconf 90' lang='lat' dir='ltr'><strong>meliorem</strong></span> <span class='ocrx_word' id='word_1_35' title='bbox 550 1012 752 1070; x_wconf 79' lang='lat' dir='ltr'><strong>conditionem</strong></span> <span class='ocrx_word' id='word_1_36' title='bbox 776 1007 909 1072; x_wconf 82' lang='lat' dir='ltr'><strong>afferet“.</strong></span> <span class='ocrx_word' id='word_1_37' title='bbox 949 1012 1010 1070; x_wconf 86' lang='lat' dir='ltr'><strong>Neo</strong></span> <span class='ocrx_word' id='word_1_38' title='bbox 1032 1014 1125 1072; x_wconf 88' lang='lat' dir='ltr'><strong>multo</strong></span> <span class='ocrx_word' id='word_1_39' title='bbox 1147 1033 1215 1092; x_wconf 87' lang='lat' dir='ltr'><strong>pro·</strong></span> 
     </span>
     <span class='ocr_line' id='line_1_6' title="bbox 87 1095 1214 1196; baseline 0.004 -24"><span class='ocrx_word' id='word_1_40' title='bbox 87 1113 205 1187; x_wconf 87' lang='lat' dir='ltr'><strong>ficitur,</strong></span> <span class='ocrx_word' id='word_1_41' title='bbox 240 1117 264 1174; x_wconf 88' lang='lat' dir='ltr'><strong>si</strong></span> <span class='ocrx_word' id='word_1_42' title='bbox 298 1123 349 1176; x_wconf 85' lang='lat' dir='ltr'><strong>aut·</strong></span> <span class='ocrx_word' id='word_1_43' title='bbox 384 1137 449 1175; x_wconf 85' lang='lat' dir='ltr'><strong>oum</strong></span> <span class='ocrx_word' id='word_1_44' title='bbox 479 1115 626 1174; x_wconf 86' lang='lat' dir='ltr'><strong>Salmasio</strong></span> <span class='ocrx_word' id='word_1_45' title='bbox 658 1113 770 1189; x_wconf 88' lang='lat' dir='ltr'><strong>„rogo“</strong></span> <span class='ocrx_word' id='word_1_46' title='bbox 802 1115 915 1172; x_wconf 79' lang='lat' dir='ltr'><strong>scribas</strong></span> <span class='ocrx_word' id='word_1_47' title='bbox 944 1122 996 1174; x_wconf 89' lang='lat' dir='ltr'><strong>aut</strong></span> <span class='ocrx_word' id='word_1_48' title='bbox 1024 1135 1089 1174; x_wconf 87' lang='lat' dir='ltr'><strong>oum</strong></span> <span class='ocrx_word' id='word_1_49' title='bbox 1120 1095 1214 1196; x_wconf 57' lang='grc' dir='ltr'><strong>(ἔαρι).</strong></span> 
     </span>
     <span class='ocr_line' id='line_1_7' title="bbox 92 1217 1214 1292; baseline 0.004 -18"><span class='ocrx_word' id='word_1_50' title='bbox 92 1217 237 1292; x_wconf 87' lang='lat' dir='ltr'><strong>„rogan“.</strong></span> <span class='ocrx_word' id='word_1_51' title='bbox 283 1219 376 1276; x_wconf 89' lang='lat' dir='ltr'><strong>lmmo</strong></span> <span class='ocrx_word' id='word_1_52' title='bbox 398 1219 475 1278; x_wconf 91' lang='lat' dir='ltr'><strong>nihil</strong></span> <span class='ocrx_word' id='word_1_53' title='bbox 498 1217 687 1289; x_wconf 87' lang='lat' dir='ltr'><strong>mutandum,</strong></span> <span class='ocrx_word' id='word_1_54' title='bbox 710 1222 745 1276; x_wconf 88' lang='lat' dir='ltr'><strong>ut</strong></span> <span class='ocrx_word' id='word_1_55' title='bbox 766 1237 843 1274; x_wconf 89' lang='lat' dir='ltr'><strong>unus</strong></span> <span class='ocrx_word' id='word_1_56' title='bbox 867 1218 1032 1278; x_wconf 78' lang='lat' dir='ltr'><strong>Palmarius</strong></span> <span class='ocrx_word' id='word_1_57' title='bbox 1054 1221 1214 1280; x_wconf 75' lang='lat' dir='ltr'><strong>intellexit.</strong></span> 
     </span>
     <span class='ocr_line' id='line_1_8' title="bbox 89 1320 1214 1398; baseline 0.002 -18"><span class='ocrx_word' id='word_1_58' title='bbox 89 1321 183 1380; x_wconf 85' lang='lat' dir='ltr'><strong>codd.</strong></span> <span class='ocrx_word' id='word_1_59' title='bbox 210 1321 232 1378; x_wconf 88' lang='lat' dir='ltr'><strong>B</strong></span> <span class='ocrx_word' id='word_1_60' title='bbox 255 1325 285 1379; x_wconf 83' lang='lat' dir='ltr'><strong>ct</strong></span> <span class='ocrx_word' id='word_1_61' title='bbox 309 1322 321 1378; x_wconf 90' lang='grc' dir='ltr'>Ι</span> <span class='ocrx_word' id='word_1_62' title='bbox 345 1323 445 1382; x_wconf 88' lang='lat' dir='ltr'><strong>omnia</strong></span> <span class='ocrx_word' id='word_1_63' title='bbox 466 1327 548 1381; x_wconf 83' lang='lat' dir='ltr'><strong>recte</strong></span> <span class='ocrx_word' id='word_1_64' title='bbox 570 1339 645 1392; x_wconf 89' lang='lat' dir='ltr'><strong>non,</strong></span> <span class='ocrx_word' id='word_1_65' title='bbox 674 1325 709 1378; x_wconf 87' lang='lat' dir='ltr'><strong>ut</strong></span> <span class='ocrx_word' id='word_1_66' title='bbox 732 1321 844 1378; x_wconf 87' lang='lat' dir='ltr'><strong>Pareus</strong></span> <span class='ocrx_word' id='word_1_67' title='bbox 872 1320 959 1394; x_wconf 86' lang='lat' dir='ltr'><strong>dioit,</strong></span> <span class='ocrx_word' id='word_1_68' title='bbox 989 1321 1131 1398; x_wconf 80' lang='lat' dir='ltr'><strong>Hegioni,</strong></span> <span class='ocrx_word' id='word_1_69' title='bbox 1162 1323 1214 1382; x_wconf 82' lang='lat' dir='ltr'><strong>sed</strong></span> 
     </span>
     <span class='ocr_line' id='line_1_9' title="bbox 88 1417 1216 1504; baseline 0.005 -22"><span class='ocrx_word' id='word_1_70' title='bbox 88 1426 226 1499; x_wconf 86' lang='lat' dir='ltr'><strong>parasito</strong></span> <span class='ocrx_word' id='word_1_71' title='bbox 248 1427 435 1484; x_wconf 83' lang='lat' dir='ltr'><strong>continuant.</strong></span> <span class='ocrx_word' id='word_1_72' title='bbox 480 1424 553 1482; x_wconf 82' lang='lat' dir='ltr'><strong>Eius</strong></span> <span class='ocrx_word' id='word_1_73' title='bbox 577 1429 622 1482; x_wconf 88' lang='lat' dir='ltr'><strong>est</strong></span> <span class='ocrx_word' id='word_1_74' title='bbox 643 1423 777 1482; x_wconf 83' lang='lat' dir='ltr'><strong>hortatio</strong></span> <span class='ocrx_word' id='word_1_75' title='bbox 801 1417 870 1500; x_wconf 72' lang='lat' dir='ltr'><strong>Ago</strong></span> <span class='ocrx_word' id='word_1_76' title='bbox 892 1419 956 1494; x_wconf 58' lang='lat' dir='ltr'><strong>aim</strong></span> <span class='ocrx_word' id='word_1_77' title='bbox 984 1425 1010 1482; x_wconf 87' lang='lat' dir='ltr'><strong>is</strong></span> <span class='ocrx_word' id='word_1_78' title='bbox 1033 1425 1118 1484; x_wconf 83' lang='lat' dir='ltr'><strong>addit</strong></span> <span class='ocrx_word' id='word_1_79' title='bbox 1138 1441 1216 1504; x_wconf 75' lang='lat' dir='ltr'><strong>roga</strong></span> 
     </span>
     <span class='ocr_line' id='line_1_10' title="bbox 89 1526 1215 1606; baseline 0.004 -22"><span class='ocrx_word' id='word_1_80' title='bbox 89 1527 240 1601; x_wconf 76' lang='lat' dir='ltr'><strong>eruptum,</strong></span> <span class='ocrx_word' id='word_1_81' title='bbox 265 1531 285 1586; x_wconf 95' lang='lat' dir='ltr'><strong>i.</strong></span> <span class='ocrx_word' id='word_1_82' title='bbox 310 1547 333 1584; x_wconf 87' lang='lat' dir='ltr'><strong>e.</strong></span> <span class='ocrx_word' id='word_1_83' title='bbox 358 1529 539 1604; x_wconf 85' lang='lat' dir='ltr'><strong>emptionem</strong></span> <span class='ocrx_word' id='word_1_84' title='bbox 563 1526 688 1600; x_wconf 81' lang='lat' dir='ltr'><strong>confice,</strong></span> <span class='ocrx_word' id='word_1_85' title='bbox 717 1526 944 1602; x_wconf 75' lang='lat' dir='ltr'><strong>stipulationem</strong></span> <span class='ocrx_word' id='word_1_86' title='bbox 966 1526 1027 1598; x_wconf 86' lang='lat' dir='ltr'><strong>faa,</strong></span> <span class='ocrx_word' id='word_1_87' title='bbox 1051 1530 1148 1606; x_wconf 89' lang='lat' dir='ltr'><strong>qualis</strong></span> <span class='ocrx_word' id='word_1_88' title='bbox 1170 1535 1215 1588; x_wconf 88' lang='lat' dir='ltr'><strong>est</strong></span> 
     </span>
    </p>
   </div>
   <div class='ocr_carea' id='block_1_3' title="bbox 84 1624 1309 1708">
    <p class='ocr_par' dir='ltr' id='par_1_3' title="bbox 84 1624 1309 1708">
     <span class='ocr_line' id='line_1_11' title="bbox 84 1624 1309 1708; baseline 0.003 -20"><span class='ocrx_word' id='word_1_89' title='bbox 84 1629 176 1705; x_wconf 83' lang='lat' dir='ltr'><strong>Hpid.</strong></span> <span class='ocrx_word' id='word_1_90' title='bbox 201 1632 277 1690; x_wconf 82' lang='lat'>467:</span> <span class='ocrx_word' id='word_1_91' title='bbox 316 1629 417 1701; x_wconf 58' lang='lat' dir='ltr'><strong>,Mlln</strong></span> <span class='ocrx_word' id='word_1_92' title='bbox 441 1629 535 1690; x_wconf 80' lang='lat' dir='ltr'><strong>Estne</strong></span> <span class='ocrx_word' id='word_1_93' title='bbox 559 1637 659 1708; x_wconf 87' lang='lat' dir='ltr'><strong>empta</strong></span> <span class='ocrx_word' id='word_1_94' title='bbox 681 1624 775 1688; x_wconf 83' lang='lat' dir='ltr'><strong>haee?</strong></span> <span class='ocrx_word' id='word_1_95' title='bbox 810 1627 897 1688; x_wconf 82' lang='lat' dir='ltr'><strong>PER.</strong></span> <span class='ocrx_word' id='word_1_96' title='bbox 920 1628 987 1687; x_wconf 87' lang='lat' dir='ltr'><strong>Tibi</strong></span> <span class='ocrx_word' id='word_1_97' title='bbox 1010 1632 1076 1688; x_wconf 84' lang='lat' dir='ltr'><strong>istis</strong></span> <span class='ocrx_word' id='word_1_98' title='bbox 1099 1632 1214 1708; x_wconf 83' lang='lat' dir='ltr'><strong>legibus</strong></span> <span class='ocrx_word' id='word_1_99' title='bbox 1307 1625 1309 1630; x_wconf 42' lang='lat'><strong>¹</strong></span> 
     </span>
    </p>
   </div>
   <div class='ocr_carea' id='block_1_4' title="bbox 84 1726 1214 2323">
    <p class='ocr_par' dir='ltr' id='par_1_4' title="bbox 84 1726 1214 2323">
     <span class='ocr_line' id='line_1_12' title="bbox 86 1726 1214 1815; baseline 0.004 -25"><span class='ocrx_word' id='word_1_100' title='bbox 86 1731 197 1790; x_wconf 81' lang='lat' dir='ltr'><strong>habeas</strong></span> <span class='ocrx_word' id='word_1_101' title='bbox 220 1731 320 1798; x_wconf 84' lang='lat' dir='ltr'><strong>lioot“.</strong></span> <span class='ocrx_word' id='word_1_102' title='bbox 365 1726 518 1807; x_wconf 79' lang='lat' dir='ltr'><strong>Emptum</strong></span> <span class='ocrx_word' id='word_1_103' title='bbox 540 1734 729 1792; x_wconf 79' lang='lat' dir='ltr'><strong>substantive</strong></span> <span class='ocrx_word' id='word_1_104' title='bbox 750 1733 883 1810; x_wconf 91' lang='lat' dir='ltr'><strong>ponitur,</strong></span> <span class='ocrx_word' id='word_1_105' title='bbox 906 1738 941 1790; x_wconf 90' lang='lat' dir='ltr'><strong>ut</strong></span> <span class='ocrx_word' id='word_1_106' title='bbox 963 1733 1015 1790; x_wconf 90' lang='lat' dir='ltr'><strong>ubi</strong></span> <span class='ocrx_word' id='word_1_107' title='bbox 1041 1753 1096 1806; x_wconf 86' lang='lat' dir='ltr'><strong>„ex</strong></span> <span class='ocrx_word' id='word_1_108' title='bbox 1113 1741 1214 1815; x_wconf 83' lang='lat' dir='ltr'><strong>empto</strong></span> 
     </span>
     <span class='ocr_line' id='line_1_13' title="bbox 86 1827 1213 1914; baseline 0.005 -22"><span class='ocrx_word' id='word_1_109' title='bbox 86 1832 218 1910; x_wconf 85' lang='lat' dir='ltr'><strong>agitur“,</strong></span> <span class='ocrx_word' id='word_1_110' title='bbox 242 1836 278 1894; x_wconf 90' lang='lat' dir='ltr'><strong>ds</strong></span> <span class='ocrx_word' id='word_1_111' title='bbox 301 1855 361 1914; x_wconf 87' lang='lat' dir='ltr'><strong>qua</strong></span> <span class='ocrx_word' id='word_1_112' title='bbox 382 1855 415 1894; x_wconf 86' lang='lat' dir='ltr'><strong>re</strong></span> <span class='ocrx_word' id='word_1_113' title='bbox 438 1855 466 1895; x_wconf 88' lang='lat' dir='ltr'><strong>v.</strong></span> <span class='ocrx_word' id='word_1_114' title='bbox 490 1835 593 1911; x_wconf 84' lang='lat' dir='ltr'><strong>Digest</strong></span> <span class='ocrx_word' id='word_1_115' title='bbox 614 1835 695 1908; x_wconf 87' lang='lat' dir='ltr'>XIX,</span> <span class='ocrx_word' id='word_1_116' title='bbox 723 1838 748 1894; x_wconf 89' lang='lat' dir='ltr'><strong>l.</strong></span> <span class='ocrx_word' id='word_1_117' title='bbox 800 1827 1007 1896; x_wconf 72' lang='lat' dir='ltr'><strong>Condiciones</strong></span> <span class='ocrx_word' id='word_1_118' title='bbox 1029 1840 1128 1894; x_wconf 88' lang='lat' dir='ltr'><strong>autem</strong></span> <span class='ocrx_word' id='word_1_119' title='bbox 1151 1839 1213 1898; x_wconf 86' lang='lat' dir='ltr'><strong>sive</strong></span> 
     </span>
     <span class='ocr_line' id='line_1_14' title="bbox 85 1933 1214 2016; baseline 0.002 -20"><span class='ocrx_word' id='word_1_120' title='bbox 85 1933 170 2013; x_wconf 68' lang='lat' dir='ltr'><strong>leges</strong></span> <span class='ocrx_word' id='word_1_121' title='bbox 196 1935 245 2010; x_wconf 85' lang='lat' dir='ltr'><strong>(ef.</strong></span> <span class='ocrx_word' id='word_1_122' title='bbox 270 1939 352 1998; x_wconf 83' lang='lat' dir='ltr'><strong>Asin.</strong></span> <span class='ocrx_word' id='word_1_123' title='bbox 378 1935 452 2011; x_wconf 77' lang='lat'>232)</span> <span class='ocrx_word' id='word_1_124' title='bbox 476 1959 553 2016; x_wconf 76' lang='lat' dir='ltr'><strong>sape</strong></span> <span class='ocrx_word' id='word_1_125' title='bbox 584 1943 614 1998; x_wconf 94' lang='lat' dir='ltr'><strong>in</strong></span> <span class='ocrx_word' id='word_1_126' title='bbox 643 1938 767 1998; x_wconf 82' lang='lat' dir='ltr'><strong>emendo</strong></span> <span class='ocrx_word' id='word_1_127' title='bbox 796 1937 999 2010; x_wconf 84' lang='lat' dir='ltr'><strong>addebantur,</strong></span> <span class='ocrx_word' id='word_1_128' title='bbox 1035 1938 1060 1996; x_wconf 86' lang='lat' dir='ltr'><strong>ei</strong></span> <span class='ocrx_word' id='word_1_129' title='bbox 1082 1938 1214 1998; x_wconf 84' lang='lat' dir='ltr'><strong>addictio</strong></span> 
     </span>
     <span class='ocr_line' id='line_1_15' title="bbox 84 2037 1212 2120; baseline 0.004 -23"><span class='ocrx_word' id='word_1_130' title='bbox 84 2043 115 2098; x_wconf 93' lang='lat' dir='ltr'><strong>in</strong></span> <span class='ocrx_word' id='word_1_131' title='bbox 139 2041 218 2100; x_wconf 88' lang='lat' dir='ltr'><strong>diem</strong></span> <span class='ocrx_word' id='word_1_132' title='bbox 242 2041 342 2115; x_wconf 86' lang='lat' dir='ltr'><strong>fiebat,</strong></span> <span class='ocrx_word' id='word_1_133' title='bbox 366 2043 493 2102; x_wconf 83' lang='lat' dir='ltr'><strong>maxime</strong></span> <span class='ocrx_word' id='word_1_134' title='bbox 515 2043 568 2102; x_wconf 93' lang='lat' dir='ltr'><strong>ubi</strong></span> <span class='ocrx_word' id='word_1_135' title='bbox 591 2042 627 2100; x_wconf 88' lang='lat' dir='ltr'><strong>ds</strong></span> <span class='ocrx_word' id='word_1_136' title='bbox 649 2037 763 2119; x_wconf 72' lang='lat' dir='ltr'><strong>fundis</strong></span> <span class='ocrx_word' id='word_1_137' title='bbox 786 2040 938 2116; x_wconf 80' lang='lat' dir='ltr'><strong>agebatur,</strong></span> <span class='ocrx_word' id='word_1_138' title='bbox 963 2042 999 2100; x_wconf 85' lang='lat' dir='ltr'><strong>of.</strong></span> <span class='ocrx_word' id='word_1_139' title='bbox 1017 2041 1084 2120; x_wconf 87' lang='lat' dir='ltr'><strong>Dig.</strong></span> <span class='ocrx_word' id='word_1_140' title='bbox 1102 2042 1212 2116; x_wconf 84' lang='lat' dir='ltr'>XVIII,</span> 
     </span>
     <span class='ocr_line' id='line_1_16' title="bbox 86 2145 1214 2222; baseline 0.004 -20"><span class='ocrx_word' id='word_1_141' title='bbox 86 2147 113 2216; x_wconf 82' lang='lat'><strong>2,</strong></span> <span class='ocrx_word' id='word_1_142' title='bbox 141 2147 174 2202; x_wconf 90' lang='lat' dir='ltr'><strong>l:</strong></span> <span class='ocrx_word' id='word_1_143' title='bbox 212 2145 282 2216; x_wconf 87' lang='lat' dir='ltr'><strong>„ille</strong></span> <span class='ocrx_word' id='word_1_144' title='bbox 304 2145 415 2204; x_wconf 86' lang='lat' dir='ltr'><strong>fundus</strong></span> <span class='ocrx_word' id='word_1_145' title='bbox 439 2153 556 2206; x_wconf 85' lang='lat' dir='ltr'><strong>eentum</strong></span> <span class='ocrx_word' id='word_1_146' title='bbox 579 2150 642 2204; x_wconf 86' lang='lat' dir='ltr'><strong>esto</strong></span> <span class='ocrx_word' id='word_1_147' title='bbox 664 2145 721 2202; x_wconf 89' lang='lat' dir='ltr'><strong>tibi</strong></span> <span class='ocrx_word' id='word_1_148' title='bbox 744 2149 876 2220; x_wconf 88' lang='lat' dir='ltr'><strong>smptus,</strong></span> <span class='ocrx_word' id='word_1_149' title='bbox 905 2145 963 2204; x_wconf 86' lang='lat' dir='ltr'><strong>nisi</strong></span> <span class='ocrx_word' id='word_1_150' title='bbox 990 2148 1016 2204; x_wconf 85' lang='lat' dir='ltr'><strong>si</strong></span> <span class='ocrx_word' id='word_1_151' title='bbox 1045 2148 1112 2222; x_wconf 86' lang='lat' dir='ltr'><strong>quis</strong></span> <span class='ocrx_word' id='word_1_152' title='bbox 1134 2147 1214 2206; x_wconf 86' lang='lat' dir='ltr'><strong>intra</strong></span> 
     </span>
     <span class='ocr_line' id='line_1_17' title="bbox 84 2241 1213 2323; baseline 0.002 -17"><span class='ocrx_word' id='word_1_153' title='bbox 84 2247 153 2306; x_wconf 87' lang='lat' dir='ltr'><strong>Kal.</strong></span> <span class='ocrx_word' id='word_1_154' title='bbox 178 2247 240 2306; x_wconf 89' lang='lat' dir='ltr'><strong>Ian.</strong></span> <span class='ocrx_word' id='word_1_155' title='bbox 264 2250 416 2323; x_wconf 84' lang='lat' dir='ltr'><strong>proximas</strong></span> <span class='ocrx_word' id='word_1_156' title='bbox 444 2249 598 2308; x_wconf 84' lang='lat' dir='ltr'><strong>meliorem</strong></span> <span class='ocrx_word' id='word_1_157' title='bbox 633 2247 837 2306; x_wconf 77' lang='lat' dir='ltr'><strong>condicionem</strong></span> <span class='ocrx_word' id='word_1_158' title='bbox 866 2244 1001 2306; x_wconf 81' lang='lat' dir='ltr'><strong>feeerit“.</strong></span> <span class='ocrx_word' id='word_1_159' title='bbox 1062 2241 1213 2310; x_wconf 58' lang='lat' dir='ltr'><strong>Condicio</strong></span> 
     </span>
    </p>
   </div>
   <div class='ocr_carea' id='block_1_5' title="bbox 84 2349 1358 2444">
    <p class='ocr_par' dir='ltr' id='par_1_5' title="bbox 84 2349 1358 2444">
     <span class='ocr_line' id='line_1_18' title="bbox 84 2349 1358 2444; baseline 0.004 -36"><span class='ocrx_word' id='word_1_160' title='bbox 84 2352 176 2408; x_wconf 88' lang='lat' dir='ltr'><strong>etiam</strong></span> <span class='ocrx_word' id='word_1_161' title='bbox 199 2350 237 2408; x_wconf 88' lang='lat' dir='ltr'><strong>de</strong></span> <span class='ocrx_word' id='word_1_162' title='bbox 260 2352 437 2410; x_wconf 86' lang='lat' dir='ltr'><strong>invitatione</strong></span> <span class='ocrx_word' id='word_1_163' title='bbox 461 2351 623 2410; x_wconf 81' lang='lat' dir='ltr'><strong>aduenam</strong></span> <span class='ocrx_word' id='word_1_164' title='bbox 647 2350 771 2422; x_wconf 84' lang='lat' dir='ltr'><strong>dieitur,</strong></span> <span class='ocrx_word' id='word_1_165' title='bbox 801 2371 829 2408; x_wconf 89' lang='lat' dir='ltr'><strong>v.</strong></span> <span class='ocrx_word' id='word_1_166' title='bbox 852 2349 942 2410; x_wconf 87' lang='lat' dir='ltr'><strong>Mart.</strong></span> <span class='ocrx_word' id='word_1_167' title='bbox 965 2351 1023 2424; x_wconf 92' lang='lat' dir='ltr'><strong>XI,</strong></span> <span class='ocrx_word' id='word_1_168' title='bbox 1049 2354 1104 2412; x_wconf 75' lang='lat'><strong>52:</strong></span> <span class='ocrx_word' id='word_1_169' title='bbox 1140 2353 1212 2426; x_wconf 66' lang='lat' dir='ltr'><strong>„Oe</strong></span> <span class='ocrx_word' id='word_1_170' title='bbox 1241 2435 1246 2444; x_wconf 91' lang='lat'><strong>.</strong></span> <span class='ocrx_word' id='word_1_171' title='bbox 1356 2361 1358 2368; x_wconf 89' lang='lat'>&#39;</span> 
     </span>
    </p>
   </div>
   <div class='ocr_carea' id='block_1_6' title="bbox 79 2451 1243 4492">
    <p class='ocr_par' dir='ltr' id='par_1_6' title="bbox 79 2451 1243 4492">
     <span class='ocr_line' id='line_1_19' title="bbox 83 2451 1212 2530; baseline 0.004 -18"><span class='ocrx_word' id='word_1_172' title='bbox 83 2453 169 2512; x_wconf 86' lang='lat' dir='ltr'><strong>nabis</strong></span> <span class='ocrx_word' id='word_1_173' title='bbox 194 2453 279 2526; x_wconf 84' lang='lat' dir='ltr'><strong>belle,</strong></span> <span class='ocrx_word' id='word_1_174' title='bbox 304 2453 361 2512; x_wconf 89' lang='lat' dir='ltr'><strong>Iuli</strong></span> <span class='ocrx_word' id='word_1_175' title='bbox 385 2453 525 2528; x_wconf 83' lang='lat' dir='ltr'><strong>Cerealis,</strong></span> <span class='ocrx_word' id='word_1_176' title='bbox 549 2453 628 2530; x_wconf 89' lang='lat' dir='ltr'><strong>apud</strong></span> <span class='ocrx_word' id='word_1_177' title='bbox 652 2473 714 2526; x_wconf 89' lang='lat' dir='ltr'><strong>me;</strong></span> <span class='ocrx_word' id='word_1_178' title='bbox 751 2451 891 2512; x_wconf 81' lang='lat' dir='ltr'><strong>Condicio</strong></span> <span class='ocrx_word' id='word_1_179' title='bbox 914 2459 960 2512; x_wconf 87' lang='lat' dir='ltr'><strong>est</strong></span> <span class='ocrx_word' id='word_1_180' title='bbox 982 2455 1088 2513; x_wconf 88' lang='lat' dir='ltr'><strong>melior</strong></span> <span class='ocrx_word' id='word_1_181' title='bbox 1109 2457 1135 2516; x_wconf 85' lang='lat' dir='ltr'><strong>si</strong></span> <span class='ocrx_word' id='word_1_182' title='bbox 1156 2457 1212 2516; x_wconf 90' lang='lat' dir='ltr'><strong>tibi</strong></span> 
     </span>
     <span class='ocr_line' id='line_1_20' title="bbox 83 2552 1211 2632; baseline 0.004 -18"><span class='ocrx_word' id='word_1_183' title='bbox 83 2557 179 2630; x_wconf 89' lang='lat' dir='ltr'><strong>nulla,</strong></span> <span class='ocrx_word' id='word_1_184' title='bbox 209 2552 308 2616; x_wconf 86' lang='lat' dir='ltr'><strong>veni“.</strong></span> <span class='ocrx_word' id='word_1_185' title='bbox 358 2557 517 2618; x_wconf 86' lang='lat' dir='ltr'><strong>Retinetur</strong></span> <span class='ocrx_word' id='word_1_186' title='bbox 551 2559 649 2632; x_wconf 88' lang='lat' dir='ltr'><strong>imago</strong></span> <span class='ocrx_word' id='word_1_187' title='bbox 679 2559 722 2614; x_wconf 90' lang='lat' dir='ltr'><strong>rei</strong></span> <span class='ocrx_word' id='word_1_188' title='bbox 744 2556 908 2616; x_wconf 79' lang='lat' dir='ltr'><strong>vendendas</strong></span> <span class='ocrx_word' id='word_1_189' title='bbox 936 2559 1025 2616; x_wconf 85' lang='lat' dir='ltr'><strong>etiam</strong></span> <span class='ocrx_word' id='word_1_190' title='bbox 1054 2562 1086 2618; x_wconf 88' lang='lat' dir='ltr'><strong>in</strong></span> <span class='ocrx_word' id='word_1_191' title='bbox 1108 2559 1211 2618; x_wconf 87' lang='lat' dir='ltr'><strong>addito</strong></span> 
     </span>
     <span class='ocr_line' id='line_1_21' title="bbox 82 2655 1209 2736; baseline 0.002 -16"><span class='ocrx_word' id='word_1_192' title='bbox 82 2655 211 2732; x_wconf 50' lang='lat' dir='ltr'><strong>amitt&amp;</strong></span> <span class='ocrx_word' id='word_1_193' title='bbox 247 2681 313 2718; x_wconf 86' lang='lat' dir='ltr'><strong>nam</strong></span> <span class='ocrx_word' id='word_1_194' title='bbox 342 2661 393 2736; x_wconf 93' lang='lat' dir='ltr'><strong>qui</strong></span> <span class='ocrx_word' id='word_1_195' title='bbox 423 2667 509 2720; x_wconf 87' lang='lat' dir='ltr'><strong>oauts</strong></span> <span class='ocrx_word' id='word_1_196' title='bbox 537 2680 597 2720; x_wconf 89' lang='lat' dir='ltr'><strong>rem</strong></span> <span class='ocrx_word' id='word_1_197' title='bbox 627 2661 804 2720; x_wconf 80' lang='lat' dir='ltr'><strong>familiarem</strong></span> <span class='ocrx_word' id='word_1_198' title='bbox 827 2661 1036 2720; x_wconf 88' lang='lat' dir='ltr'><strong>administrare</strong></span> <span class='ocrx_word' id='word_1_199' title='bbox 1059 2663 1209 2736; x_wconf 81' lang='lat' dir='ltr'><strong>volebant,</strong></span> 
     </span>
     <span class='ocr_line' id='line_1_22' title="bbox 82 2762 1211 2840; baseline 0.004 -20"><span class='ocrx_word' id='word_1_200' title='bbox 82 2764 193 2822; x_wconf 86' lang='lat' dir='ltr'><strong>amieos</strong></span> <span class='ocrx_word' id='word_1_201' title='bbox 222 2765 253 2820; x_wconf 92' lang='lat' dir='ltr'><strong>in</strong></span> <span class='ocrx_word' id='word_1_202' title='bbox 282 2764 438 2822; x_wconf 83' lang='lat' dir='ltr'><strong>eonsilium</strong></span> <span class='ocrx_word' id='word_1_203' title='bbox 468 2762 659 2822; x_wconf 87' lang='lat' dir='ltr'><strong>adhibebant.</strong></span> <span class='ocrx_word' id='word_1_204' title='bbox 705 2763 753 2822; x_wconf 85' lang='lat' dir='ltr'><strong>Sia</strong></span> <span class='ocrx_word' id='word_1_205' title='bbox 774 2765 810 2839; x_wconf 80' lang='grc' dir='ltr'><strong>τῷ</strong></span> <span class='ocrx_word' id='word_1_206' title='bbox 832 2764 996 2840; x_wconf 67' lang='lat' dir='ltr'><strong>addendam</strong></span> <span class='ocrx_word' id='word_1_207' title='bbox 1020 2765 1211 2826; x_wconf 89' lang='lat' dir='ltr'><strong>Philodamus</strong></span> 
     </span>
     <span class='ocr_line' id='line_1_23' title="bbox 82 2867 1211 2946; baseline 0.005 -24"><span class='ocrx_word' id='word_1_208' title='bbox 82 2867 119 2924; x_wconf 84' lang='lat' dir='ltr'><strong>de</strong></span> <span class='ocrx_word' id='word_1_209' title='bbox 142 2867 226 2926; x_wconf 82' lang='lat' dir='ltr'><strong>vitiis</strong></span> <span class='ocrx_word' id='word_1_210' title='bbox 248 2867 285 2938; x_wconf 88' lang='lat' dir='ltr'><strong>X,</strong></span> <span class='ocrx_word' id='word_1_211' title='bbox 309 2867 366 2926; x_wconf 89' lang='lat' dir='ltr'><strong>ool.</strong></span> <span class='ocrx_word' id='word_1_212' title='bbox 393 2869 430 2926; x_wconf 78' lang='lat'><strong>17</strong></span> <span class='ocrx_word' id='word_1_213' title='bbox 455 2867 572 2937; x_wconf 79' lang='lat' dir='ltr'><strong>obiicit,</strong></span> <span class='ocrx_word' id='word_1_214' title='bbox 597 2867 679 2944; x_wconf 88' lang='lat' dir='ltr'><strong>quod</strong></span> <span class='ocrx_word' id='word_1_215' title='bbox 700 2867 795 2940; x_wconf 76' lang='grc' dir='ltr'><strong><em>μηδενὶ</em></strong></span> <span class='ocrx_word' id='word_1_216' title='bbox 818 2869 1062 2944; x_wconf 73' lang='grc' dir='ltr'><strong><em>αροοαναθέμονος</em></strong></span> <span class='ocrx_word' id='word_1_217' title='bbox 1085 2870 1211 2946; x_wconf 65' lang='grc' dir='ltr'><strong><em>ἀγοράζει</em></strong></span> 
     </span>
     <span class='ocr_line' id='line_1_24' title="bbox 80 2969 1210 3047; baseline 0.005 -21"><span class='ocrx_word' id='word_1_218' title='bbox 80 2970 127 3026; x_wconf 81' lang='grc' dir='ltr'><strong><em>καὶ</em></strong></span> <span class='ocrx_word' id='word_1_219' title='bbox 150 2972 241 3026; x_wconf 75' lang='lat' dir='ltr'><strong>nolet.</strong></span> <span class='ocrx_word' id='word_1_220' title='bbox 270 3000 312 3010; x_wconf 90' lang='lat'><strong>·-</strong></span> <span class='ocrx_word' id='word_1_221' title='bbox 343 2973 412 3030; x_wconf 75' lang='lat'><strong>182.</strong></span> <span class='ocrx_word' id='word_1_222' title='bbox 445 2970 504 3042; x_wconf 90' lang='lat' dir='ltr'><strong>Tu,</strong></span> <span class='ocrx_word' id='word_1_223' title='bbox 535 2971 647 3047; x_wconf 90' lang='lat' dir='ltr'><strong>inquit,</strong></span> <span class='ocrx_word' id='word_1_224' title='bbox 676 2989 735 3028; x_wconf 91' lang='lat' dir='ltr'><strong>non</strong></span> <span class='ocrx_word' id='word_1_225' title='bbox 756 2969 882 3038; x_wconf 83' lang='lat' dir='ltr'><strong>fundum</strong></span> <span class='ocrx_word' id='word_1_226' title='bbox 911 2971 1029 3044; x_wconf 85' lang='lat' dir='ltr'><strong>vendis,</strong></span> <span class='ocrx_word' id='word_1_227' title='bbox 1059 2973 1111 3030; x_wconf 87' lang='lat' dir='ltr'><strong>sed</strong></span> <span class='ocrx_word' id='word_1_228' title='bbox 1133 2988 1210 3046; x_wconf 73' lang='lat' dir='ltr'><strong>pro·</strong></span> 
     </span>
     <span class='ocr_line' id='line_1_25' title="bbox 79 3069 1210 3149; baseline 0.004 -19"><span class='ocrx_word' id='word_1_229' title='bbox 79 3069 232 3149; x_wconf 70' lang='lat' dir='ltr'><strong>(baldum,</strong></span> <span class='ocrx_word' id='word_1_230' title='bbox 266 3075 283 3132; x_wconf 92' lang='lat' dir='ltr'><strong>i.</strong></span> <span class='ocrx_word' id='word_1_231' title='bbox 308 3095 333 3132; x_wconf 87' lang='lat' dir='ltr'><strong>e.</strong></span> <span class='ocrx_word' id='word_1_232' title='bbox 358 3075 529 3147; x_wconf 87' lang='lat' dir='ltr'><strong>voraginem</strong></span> <span class='ocrx_word' id='word_1_233' title='bbox 560 3075 660 3132; x_wconf 88' lang='lat' dir='ltr'><strong>omnia</strong></span> <span class='ocrx_word' id='word_1_234' title='bbox 686 3073 889 3144; x_wconf 86' lang='lat' dir='ltr'><strong>haurientem,</strong></span> <span class='ocrx_word' id='word_1_235' title='bbox 923 3093 992 3132; x_wconf 81' lang='lat' dir='ltr'><strong>nam</strong></span> <span class='ocrx_word' id='word_1_236' title='bbox 1014 3079 1119 3132; x_wconf 84' lang='lat' dir='ltr'><strong>venter</strong></span> <span class='ocrx_word' id='word_1_237' title='bbox 1141 3081 1210 3134; x_wconf 88' lang='lat' dir='ltr'><strong>tuus</strong></span> 
     </span>
     <span class='ocr_line' id='line_1_26' title="bbox 79 3173 1210 3260; baseline 0.002 -26"><span class='ocrx_word' id='word_1_238' title='bbox 79 3195 243 3253; x_wconf 85' lang='lat' dir='ltr'><strong>numquam</strong></span> <span class='ocrx_word' id='word_1_239' title='bbox 277 3177 390 3260; x_wconf 85' lang='lat' dir='ltr'><strong>expleri</strong></span> <span class='ocrx_word' id='word_1_240' title='bbox 424 3182 533 3252; x_wconf 85' lang='lat' dir='ltr'><strong>potest.</strong></span> <span class='ocrx_word' id='word_1_241' title='bbox 595 3175 638 3234; x_wconf 81' lang='lat' dir='ltr'><strong>cf.</strong></span> <span class='ocrx_word' id='word_1_242' title='bbox 674 3174 759 3234; x_wconf 86' lang='lat' dir='ltr'><strong>Cura.</strong></span> <span class='ocrx_word' id='word_1_243' title='bbox 793 3177 867 3234; x_wconf 80' lang='lat'>122:</span> <span class='ocrx_word' id='word_1_244' title='bbox 911 3173 1134 3248; x_wconf 49' lang='lat' dir='ltr'><strong>,barathrum</strong></span> <span class='ocrx_word' id='word_1_245' title='bbox 1168 3208 1210 3218; x_wconf 86' lang='lat'>—</span> 
     </span>
     <span class='ocr_line' id='line_1_27' title="bbox 81 3275 1209 3356; baseline 0.003 -19"><span class='ocrx_word' id='word_1_246' title='bbox 81 3280 152 3338; x_wconf 88' lang='grc'><strong>183.</strong></span> <span class='ocrx_word' id='word_1_247' title='bbox 192 3277 269 3352; x_wconf 86' lang='lat' dir='ltr'><strong>„Sed</strong></span> <span class='ocrx_word' id='word_1_248' title='bbox 297 3281 322 3338; x_wconf 91' lang='lat' dir='ltr'><strong>si</strong></span> <span class='ocrx_word' id='word_1_249' title='bbox 350 3285 496 3340; x_wconf 84' lang='lat' dir='ltr'><strong>venturus</strong></span> <span class='ocrx_word' id='word_1_250' title='bbox 519 3275 567 3338; x_wconf 85' lang='lat' dir='ltr'><strong>es“</strong></span> <span class='ocrx_word' id='word_1_251' title='bbox 599 3280 707 3354; x_wconf 89' lang='lat' dir='ltr'><strong>inquit,</strong></span> <span class='ocrx_word' id='word_1_252' title='bbox 734 3283 869 3352; x_wconf 83' lang='lat' dir='ltr'><strong>„mature</strong></span> <span class='ocrx_word' id='word_1_253' title='bbox 892 3275 1024 3338; x_wconf 77' lang='lat' dir='ltr'><strong>vanito“.</strong></span> <span class='ocrx_word' id='word_1_254' title='bbox 1072 3278 1209 3356; x_wconf 76' lang='lat' dir='ltr'><strong>temperi,</strong></span> 
     </span>
     <span class='ocr_line' id='line_1_28' title="bbox 79 3381 1209 3458; baseline 0.003 -19"><span class='ocrx_word' id='word_1_255' title='bbox 79 3401 107 3438; x_wconf 87' lang='lat' dir='ltr'><strong>v.</strong></span> <span class='ocrx_word' id='word_1_256' title='bbox 132 3381 201 3440; x_wconf 80' lang='lat' dir='ltr'><strong>Aul.</strong></span> <span class='ocrx_word' id='word_1_257' title='bbox 226 3383 298 3440; x_wconf 90' lang='grc'>446.</span> <span class='ocrx_word' id='word_1_258' title='bbox 345 3383 499 3442; x_wconf 83' lang='lat' dir='ltr'><strong>Parasitus</strong></span> <span class='ocrx_word' id='word_1_259' title='bbox 522 3401 580 3440; x_wconf 91' lang='lat' dir='ltr'><strong>non</strong></span> <span class='ocrx_word' id='word_1_260' title='bbox 603 3386 738 3452; x_wconf 88' lang='lat' dir='ltr'><strong>roousat,</strong></span> <span class='ocrx_word' id='word_1_261' title='bbox 763 3383 920 3458; x_wconf 83' lang='lat' dir='ltr'><strong>quominus</strong></span> <span class='ocrx_word' id='word_1_262' title='bbox 942 3381 991 3439; x_wconf 89' lang='lat' dir='ltr'><strong>vel</strong></span> <span class='ocrx_word' id='word_1_263' title='bbox 1013 3385 1113 3442; x_wconf 87' lang='lat' dir='ltr'><strong>statim</strong></span> <span class='ocrx_word' id='word_1_264' title='bbox 1137 3405 1209 3442; x_wconf 83' lang='lat' dir='ltr'><strong>oens</strong></span> 
     </span>
     <span class='ocr_line' id='line_1_29' title="bbox 80 3479 1209 3562; baseline 0.004 -21"><span class='ocrx_word' id='word_1_265' title='bbox 80 3487 217 3562; x_wconf 83' lang='lat' dir='ltr'><strong>incipiet.</strong></span> <span class='ocrx_word' id='word_1_266' title='bbox 262 3479 337 3556; x_wconf 76' lang='lat' dir='ltr'><strong>Em,</strong></span> <span class='ocrx_word' id='word_1_267' title='bbox 361 3486 397 3546; x_wconf 83' lang='lat' dir='ltr'><strong>of.</strong></span> <span class='ocrx_word' id='word_1_268' title='bbox 422 3487 504 3544; x_wconf 90' lang='lat' dir='ltr'><strong>Asin.</strong></span> <span class='ocrx_word' id='word_1_269' title='bbox 530 3486 601 3546; x_wconf 89' lang='lat'><strong>333.</strong></span> <span class='ocrx_word' id='word_1_270' title='bbox 623 3515 667 3526; x_wconf 89' lang='lat'><strong>—-</strong></span> <span class='ocrx_word' id='word_1_271' title='bbox 694 3486 763 3544; x_wconf 79' lang='lat'><strong>184.</strong></span> <span class='ocrx_word' id='word_1_272' title='bbox 788 3484 883 3560; x_wconf 81' lang='lat' dir='ltr'><strong>Hegio</strong></span> <span class='ocrx_word' id='word_1_273' title='bbox 905 3484 1000 3542; x_wconf 91' lang='lat' dir='ltr'><strong>nihilo</strong></span> <span class='ocrx_word' id='word_1_274' title='bbox 1022 3487 1119 3546; x_wconf 88' lang='lat' dir='ltr'><strong>minus</strong></span> <span class='ocrx_word' id='word_1_275' title='bbox 1143 3487 1209 3546; x_wconf 87' lang='lat' dir='ltr'><strong>hor·</strong></span> 
     </span>
     <span class='ocr_line' id='line_1_30' title="bbox 79 3587 1209 3664; baseline 0.005 -20"><span class='ocrx_word' id='word_1_276' title='bbox 79 3593 162 3646; x_wconf 86' lang='lat' dir='ltr'><strong>tatur</strong></span> <span class='ocrx_word' id='word_1_277' title='bbox 193 3593 228 3645; x_wconf 90' lang='lat' dir='ltr'><strong>ut</strong></span> <span class='ocrx_word' id='word_1_278' title='bbox 256 3589 408 3648; x_wconf 87' lang='lat' dir='ltr'><strong>meliorem</strong></span> <span class='ocrx_word' id='word_1_279' title='bbox 437 3590 640 3652; x_wconf 77' lang='lat' dir='ltr'><strong>condicionem</strong></span> <span class='ocrx_word' id='word_1_280' title='bbox 663 3589 720 3648; x_wconf 90' lang='lat' dir='ltr'><strong>sibi</strong></span> <span class='ocrx_word' id='word_1_281' title='bbox 743 3594 878 3664; x_wconf 69' lang='lat' dir='ltr'><strong>querat.v</strong></span> <span class='ocrx_word' id='word_1_282' title='bbox 912 3587 1085 3648; x_wconf 86' lang='lat' dir='ltr'><strong>Lautiorem</strong></span> <span class='ocrx_word' id='word_1_283' title='bbox 1109 3611 1209 3650; x_wconf 85' lang='lat' dir='ltr'><strong>oenum</strong></span> 
     </span>
     <span class='ocr_line' id='line_1_31' title="bbox 80 3683 1210 3768; baseline 0.005 -20"><span class='ocrx_word' id='word_1_284' title='bbox 80 3711 147 3750; x_wconf 87' lang='lat' dir='ltr'><strong>oum</strong></span> <span class='ocrx_word' id='word_1_285' title='bbox 171 3691 272 3767; x_wconf 89' lang='lat' dir='ltr'><strong>lepore</strong></span> <span class='ocrx_word' id='word_1_286' title='bbox 292 3683 461 3768; x_wconf 71' lang='lat' dir='ltr'><strong>¹corruperat,</strong></span> <span class='ocrx_word' id='word_1_287' title='bbox 486 3713 570 3752; x_wconf 88' lang='lat' dir='ltr'><strong>auum</strong></span> <span class='ocrx_word' id='word_1_288' title='bbox 593 3713 660 3752; x_wconf 90' lang='lat' dir='ltr'><strong>oum</strong></span> <span class='ocrx_word' id='word_1_289' title='bbox 682 3689 790 3764; x_wconf 75' lang='lat' dir='ltr'><strong>ictide3</strong></span> <span class='ocrx_word' id='word_1_290' title='bbox 813 3693 855 3752; x_wconf 89' lang='lat' dir='ltr'><strong>sio</strong></span> <span class='ocrx_word' id='word_1_291' title='bbox 872 3695 951 3750; x_wconf 89' lang='lat' dir='ltr'><strong>enim</strong></span> <span class='ocrx_word' id='word_1_292' title='bbox 969 3693 1125 3766; x_wconf 89' lang='lat' dir='ltr'><strong>legendum</strong></span> <span class='ocrx_word' id='word_1_293' title='bbox 1146 3715 1210 3754; x_wconf 86' lang='lat' dir='ltr'><strong>esse</strong></span> 
     </span>
     <span class='ocr_line' id='line_1_32' title="bbox 81 3793 1209 3872; baseline 0.004 -20"><span class='ocrx_word' id='word_1_294' title='bbox 81 3801 160 3854; x_wconf 87' lang='lat' dir='ltr'><strong>recte</strong></span> <span class='ocrx_word' id='word_1_295' title='bbox 195 3795 271 3853; x_wconf 84' lang='lat' dir='ltr'><strong>vidit</strong></span> <span class='ocrx_word' id='word_1_296' title='bbox 299 3795 406 3854; x_wconf 79' lang='lat' dir='ltr'><strong>Laelius</strong></span> <span class='ocrx_word' id='word_1_297' title='bbox 435 3795 589 3854; x_wconf 85' lang='lat' dir='ltr'><strong>Brisciola.</strong></span> <span class='ocrx_word' id='word_1_298' title='bbox 646 3793 701 3854; x_wconf 82' lang='lat' dir='ltr'><strong>Est</strong></span> <span class='ocrx_word' id='word_1_299' title='bbox 736 3797 819 3866; x_wconf 69' lang='lat' dir='ltr'><strong>enim,</strong></span> <span class='ocrx_word' id='word_1_300' title='bbox 849 3797 916 3853; x_wconf 88' lang='lat' dir='ltr'><strong>iotis</strong></span> <span class='ocrx_word' id='word_1_301' title='bbox 944 3797 1076 3854; x_wconf 82' lang='lat' dir='ltr'><strong>mustelae</strong></span> <span class='ocrx_word' id='word_1_302' title='bbox 1106 3817 1209 3872; x_wconf 87' lang='lat' dir='ltr'><strong>genas,</strong></span> 
     </span>
     <span class='ocr_line' id='line_1_33' title="bbox 81 3897 1208 3978; baseline 0.004 -24"><span class='ocrx_word' id='word_1_303' title='bbox 81 3918 108 3957; x_wconf 91' lang='lat' dir='ltr'><strong>v.</strong></span> <span class='ocrx_word' id='word_1_304' title='bbox 128 3898 206 3956; x_wconf 90' lang='lat' dir='ltr'><strong>Plin.</strong></span> <span class='ocrx_word' id='word_1_305' title='bbox 226 3898 261 3956; x_wconf 87' lang='grc' dir='ltr'><strong>Η.</strong></span> <span class='ocrx_word' id='word_1_306' title='bbox 280 3897 316 3956; x_wconf 88' lang='lat' dir='ltr'><strong>N.</strong></span> <span class='ocrx_word' id='word_1_307' title='bbox 335 3898 445 3970; x_wconf 85' lang='lat' dir='ltr'>XXIX,</span> <span class='ocrx_word' id='word_1_308' title='bbox 465 3899 493 3970; x_wconf 87' lang='grc'><strong>4,</strong></span> <span class='ocrx_word' id='word_1_309' title='bbox 518 3901 564 3970; x_wconf 86' lang='grc'><strong>16,</strong></span> <span class='ocrx_word' id='word_1_310' title='bbox 585 3900 640 3957; x_wconf 82' lang='lat'><strong>60:</strong></span> <span class='ocrx_word' id='word_1_311' title='bbox 676 3898 891 3970; x_wconf 81' lang='lat' dir='ltr'><strong>,Mustelamm</strong></span> <span class='ocrx_word' id='word_1_312' title='bbox 914 3897 974 3957; x_wconf 89' lang='lat' dir='ltr'><strong>duo</strong></span> <span class='ocrx_word' id='word_1_313' title='bbox 998 3917 1109 3972; x_wconf 88' lang='lat' dir='ltr'><strong>genera</strong></span> <span class='ocrx_word' id='word_1_314' title='bbox 1131 3909 1208 3978; x_wconf 74' lang='lat' dir='ltr'><strong>siant,</strong></span> 
     </span>
     <span class='ocr_line' id='line_1_34' title="bbox 81 4001 1243 4077; baseline 0 -17"><span class='ocrx_word' id='word_1_315' title='bbox 81 4001 209 4062; x_wconf 84' lang='lat' dir='ltr'><strong>alterum</strong></span> <span class='ocrx_word' id='word_1_316' title='bbox 233 4001 384 4072; x_wconf 87' lang='lat' dir='ltr'><strong>silvestre,</strong></span> <span class='ocrx_word' id='word_1_317' title='bbox 416 4001 531 4060; x_wconf 84' lang='lat' dir='ltr'><strong>distans</strong></span> <span class='ocrx_word' id='word_1_318' title='bbox 560 4001 780 4077; x_wconf 85' lang='lat' dir='ltr'><strong>magnitudine;</strong></span> <span class='ocrx_word' id='word_1_319' title='bbox 814 4001 910 4060; x_wconf 82' lang='lat' dir='ltr'><strong>Graeoi</strong></span> <span class='ocrx_word' id='word_1_320' title='bbox 941 4009 1046 4061; x_wconf 80' lang='lat' dir='ltr'><strong>vocant</strong></span> <span class='ocrx_word' id='word_1_321' title='bbox 1073 4003 1207 4062; x_wconf 84' lang='lat' dir='ltr'><strong>istidas“.</strong></span> <span class='ocrx_word' id='word_1_322' title='bbox 1241 4045 1243 4050; x_wconf 78' lang='lat'>-</span> 
     </span>
     <span class='ocr_line' id='line_1_35' title="bbox 81 4103 1209 4183; baseline 0.002 -21"><span class='ocrx_word' id='word_1_323' title='bbox 81 4105 207 4164; x_wconf 75' lang='lat' dir='ltr'><strong>Aristot.</strong></span> <span class='ocrx_word' id='word_1_324' title='bbox 232 4103 268 4164; x_wconf 88' lang='lat' dir='ltr'><strong>H.</strong></span> <span class='ocrx_word' id='word_1_325' title='bbox 292 4103 389 4162; x_wconf 75' lang='lat' dir='ltr'><strong>Anius.</strong></span> <span class='ocrx_word' id='word_1_326' title='bbox 414 4103 470 4174; x_wconf 88' lang='lat' dir='ltr'><strong>IX,</strong></span> <span class='ocrx_word' id='word_1_327' title='bbox 496 4107 551 4162; x_wconf 80' lang='lat'><strong>75:</strong></span> <span class='ocrx_word' id='word_1_328' title='bbox 585 4104 602 4174; x_wconf 81' lang='grc' dir='ltr'>ἡ</span> <span class='ocrx_word' id='word_1_329' title='bbox 624 4103 647 4158; x_wconf 71' lang='grc' dir='ltr'><strong>δ’</strong></span> <span class='ocrx_word' id='word_1_330' title='bbox 671 4107 736 4168; x_wconf 69' lang='lat' dir='ltr'><strong>tiarae</strong></span> <span class='ocrx_word' id='word_1_331' title='bbox 758 4105 816 4162; x_wconf 77' lang='lat' dir='ltr'><strong>tort</strong></span> <span class='ocrx_word' id='word_1_332' title='bbox 842 4109 892 4180; x_wconf 73' lang='grc' dir='ltr'><strong><em>μὲν</em></strong></span> <span class='ocrx_word' id='word_1_333' title='bbox 918 4107 949 4163; x_wconf 87' lang='grc' dir='ltr'><strong>τὸ</strong></span> <span class='ocrx_word' id='word_1_334' title='bbox 977 4109 1098 4183; x_wconf 61' lang='grc' dir='ltr'><strong>μέγεθος</strong></span> <span class='ocrx_word' id='word_1_335' title='bbox 1123 4107 1209 4176; x_wconf 68' lang='grc' dir='ltr'><strong><em>ἡλίκον</em></strong></span> 
     </span>
     <span class='ocr_line' id='line_1_36' title="bbox 85 4207 1211 4287; baseline 0.002 -21"><span class='ocrx_word' id='word_1_336' title='bbox 85 4211 232 4266; x_wconf 76' lang='grc' dir='ltr'><strong><em>Μελιταῖον</em></strong></span> <span class='ocrx_word' id='word_1_337' title='bbox 255 4207 370 4264; x_wconf 78' lang='grc' dir='ltr'><strong><em>κυνίδιον</em></strong></span> <span class='ocrx_word' id='word_1_338' title='bbox 392 4210 444 4264; x_wconf 80' lang='grc' dir='ltr'><strong><em>τῶν</em></strong></span> <span class='ocrx_word' id='word_1_339' title='bbox 470 4209 580 4283; x_wconf 80' lang='grc' dir='ltr'><strong><em>μικρῶν,</em></strong></span> <span class='ocrx_word' id='word_1_340' title='bbox 601 4209 648 4278; x_wconf 69' lang='grc' dir='ltr'><strong><em>τὴν</em></strong></span> <span class='ocrx_word' id='word_1_341' title='bbox 670 4208 699 4264; x_wconf 76' lang='grc' dir='ltr'><strong>δι’</strong></span> <span class='ocrx_word' id='word_1_342' title='bbox 726 4208 860 4278; x_wconf 77' lang='grc' dir='ltr'><strong>δασύτητα</strong></span> <span class='ocrx_word' id='word_1_343' title='bbox 883 4210 929 4266; x_wconf 76' lang='grc' dir='ltr'><strong><em>καὶ</em></strong></span> <span class='ocrx_word' id='word_1_344' title='bbox 955 4211 1002 4280; x_wconf 68' lang='grc' dir='ltr'><strong><em>τὴν</em></strong></span> <span class='ocrx_word' id='word_1_345' title='bbox 1026 4210 1091 4287; x_wconf 78' lang='grc' dir='ltr'><strong><em>ὄψιν</em></strong></span> <span class='ocrx_word' id='word_1_346' title='bbox 1114 4211 1159 4266; x_wconf 84' lang='grc' dir='ltr'><strong><em>καὶ</em></strong></span> <span class='ocrx_word' id='word_1_347' title='bbox 1180 4213 1211 4268; x_wconf 83' lang='grc' dir='ltr'><strong>τὸ</strong></span> 
     </span>
     <span class='ocr_line' id='line_1_37' title="bbox 82 4311 1209 4390; baseline 0 -20"><span class='ocrx_word' id='word_1_348' title='bbox 82 4314 176 4370; x_wconf 68' lang='grc' dir='ltr'><strong><em>λευκὸν</em></strong></span> <span class='ocrx_word' id='word_1_349' title='bbox 199 4313 230 4368; x_wconf 85' lang='grc' dir='ltr'><strong>τὸ</strong></span> <span class='ocrx_word' id='word_1_350' title='bbox 251 4312 378 4368; x_wconf 79' lang='grc' dir='ltr'><strong><em>ὑποκάτω</em></strong></span> <span class='ocrx_word' id='word_1_351' title='bbox 401 4311 445 4368; x_wconf 74' lang='grc' dir='ltr'><strong><em>καὶ</em></strong></span> <span class='ocrx_word' id='word_1_352' title='bbox 468 4312 515 4368; x_wconf 74' lang='lat' dir='ltr'><strong>roi·</strong></span> <span class='ocrx_word' id='word_1_353' title='bbox 530 4311 618 4382; x_wconf 75' lang='grc' dir='ltr'><strong><em>ἤθους</em></strong></span> <span class='ocrx_word' id='word_1_354' title='bbox 634 4311 681 4382; x_wconf 73' lang='grc' dir='ltr'><strong><em>τὴν</em></strong></span> <span class='ocrx_word' id='word_1_355' title='bbox 698 4315 862 4388; x_wconf 70' lang='grc' dir='ltr'><strong><em>κακουργίαν</em></strong></span> <span class='ocrx_word' id='word_1_356' title='bbox 880 4315 972 4387; x_wconf 79' lang='grc' dir='ltr'><strong><em>ὅμοιον</em></strong></span> <span class='ocrx_word' id='word_1_357' title='bbox 988 4315 1065 4390; x_wconf 72' lang='grc' dir='ltr'><strong><em>γαλῇ.</em></strong></span> <span class='ocrx_word' id='word_1_358' title='bbox 1099 4312 1209 4372; x_wconf 83' lang='lat' dir='ltr'><strong>Duram</strong></span> 
     </span>
     <span class='ocr_line' id='line_1_38' title="bbox 83 4415 1208 4492; baseline 0 -18"><span class='ocrx_word' id='word_1_359' title='bbox 83 4435 203 4474; x_wconf 86' lang='lat' dir='ltr'><strong>carnem</strong></span> <span class='ocrx_word' id='word_1_360' title='bbox 232 4417 295 4474; x_wconf 91' lang='lat' dir='ltr'><strong>eius</strong></span> <span class='ocrx_word' id='word_1_361' title='bbox 325 4416 415 4474; x_wconf 78' lang='lat' dir='ltr'><strong>sarissa</strong></span> <span class='ocrx_word' id='word_1_362' title='bbox 445 4419 571 4491; x_wconf 87' lang='lat' dir='ltr'><strong>apparet</strong></span> <span class='ocrx_word' id='word_1_363' title='bbox 594 4435 630 4472; x_wconf 84' lang='lat' dir='ltr'><strong>ex</strong></span> <span class='ocrx_word' id='word_1_364' title='bbox 652 4417 788 4492; x_wconf 85' lang='lat' dir='ltr'><strong>proximo</strong></span> <span class='ocrx_word' id='word_1_365' title='bbox 812 4435 908 4488; x_wconf 86' lang='lat' dir='ltr'><strong>versu,</strong></span> <span class='ocrx_word' id='word_1_366' title='bbox 931 4415 983 4474; x_wconf 92' lang='lat' dir='ltr'><strong>ubi</strong></span> <span class='ocrx_word' id='word_1_367' title='bbox 1007 4415 1101 4492; x_wconf 83' lang='lat' dir='ltr'><strong>Hegio</strong></span> <span class='ocrx_word' id='word_1_368' title='bbox 1125 4437 1208 4474; x_wconf 90' lang='lat' dir='ltr'><strong>suum</strong></span> 
     </span>
    </p>
   </div>
   <div class='ocr_carea' id='block_1_7' title="bbox 0 0 1462 5006">
    <p class='ocr_par' dir='ltr' id='par_1_7' title="bbox 0 0 1462 5006">
     <span class='ocr_line' id='line_1_39' title="bbox 0 0 1462 5006; baseline 0 2"><span class='ocrx_word' id='word_1_369' title='bbox 0 0 1462 5006; x_wconf 95' lang='lat' dir='ltr'><strong> </strong></span> 
     </span>
    </p>
   </div>
  </div>
 </body>
</html>
