2922 5006
259 501 322 562 240
727 525 728 536 π
771 495 864 550 Plauti

260 685 464 766 Dircaeum,
488 685 603 750 sinon
625 685 727 752 reddo
752 686 809 766 eis,
833 685 953 770 quibus
977 685 1100 767 debe03

258 794 294 866 Si
316 793 417 859 reddo
440 792 516 874 illis,
541 793 660 877 quibus
684 793 798 874 debeo,
822 793 922 858 alieni
944 793 1020 878 plus
1044 801 1103 859 est.

259 901 381 967 Uerum
404 900 513 967 hercle
536 923 615 968 uero
638 901 723 968 belle
748 923 846 985 quom
868 904 1024 984 recogito,

259 1008 295 1076 Si
317 1011 420 1094 magis
442 1031 493 1075 me
516 1009 696 1090 instabunt,
719 1011 762 1076 ad
785 1017 974 1095 praetorem
998 1009 1162 1076 sufferam.

259 1118 392 1184 Habent
414 1118 501 1183 hunc
524 1139 647 1184 morem
670 1119 818 1204 plerique
843 1119 1032 1203 argentarii,

259 1226 305 1292 Ut
329 1227 412 1292 alius
436 1226 535 1292 alium
557 1209 703 1310 poscant,
726 1228 869 1294 reddant
890 1228 1022 1306 nemini,

260 1334 384 1418 Pugnis
406 1355 476 1400 rem
498 1333 638 1416 soluant,
662 1336 688 1400 si
713 1337 786 1420 quis
809 1344 927 1421 poscat
950 1336 1080 1402 clarius.

260 1440 324 1520 Qui
346 1442 443 1508 homo
467 1448 595 1508 mature
619 1444 783 1527 quaesiuit
805 1445 991 1528 pecuniam,

259 1549 331 1615 Nisi
355 1571 425 1615 eam
450 1557 577 1616 mature
599 1553 713 1635 parsit,
737 1560 865 1618 mature
889 1553 1004 1618 esurit.

259 1657 364 1743 Cupio
388 1659 531 1744 aliquem
554 1681 664 1725 emere
687 1681 833 1744 puerum,
857 1661 912 1744 qui
934 1660 1102 1726 usurarius

259 1766 309 1832 Ne
332 1767 412 1833 mihi
435 1775 620 1852 quaeratur,
643 1790 723 1834 usus
747 1775 798 1834 est
820 1769 967 1852 pecunia.

727 1875 921 1943 Curculio

259 2019 302 2029 -
325 1983 378 2049 Nil
401 1992 438 2050 tu
460 2007 511 2051 me
536 1992 684 2050 saturum
707 1985 888 2064 monueris3
912 1985 1043 2049 memini
1068 1990 1101 2048 et
1123 1983 1199 2048 scio.

259 2093 329 2176 Ego
353 2093 415 2160 hoo
438 2093 598 2159 ecfertum
620 2093 729 2176 lepide
752 2093 813 2156 tibi
835 2092 980 2173 tradam3
1003 2099 1088 2158 tace.

258 2201 387 2286 Edepol
408 2223 450 2267 ne
473 2223 533 2285 ego
556 2201 610 2266 hic
633 2222 684 2267 me
706 2202 795 2266 intus
820 2201 949 2284 expleui
971 2200 1072 2284 probe

259 2309 303 2374 Et
326 2309 457 2391 quidem
479 2309 599 2393 reliqui
623 2312 657 2374 in
680 2316 796 2374 uentre
820 2309 922 2374 cellae
946 2311 1001 2372 uni
1025 2309 1144 2388 locum,
1169 2381 1171 2383 ,

260 2417 325 2482 Ubi
346 2418 560 2500 reliquiarum
582 2418 738 2500 reliquias
762 2417 982 2482 reconderem.
1006 2453 1048 2462 -

263 2523 343 2602 Quis
365 2527 418 2592 hic
441 2535 501 2606 est,
526 2527 582 2610 qui
606 2532 720 2610 operto
744 2526 852 2609 capite
876 2525 1107 2609 Aesculapium

263 2633 413 2700 Salutat?
457 2637 561 2715 Attat,
585 2656 683 2720 quem
706 2627 915 2718 quaerebam,

260 2741 438 2824 Simulabo,
463 2744 555 2826 quasi
578 2764 642 2808 non
667 2743 824 2808 nouerim.
871 2743 961 2808 Heus
984 2751 1029 2822 tu,
1054 2751 1086 2808 te
1110 2741 1195 2808 uolo.

776 2850 879 2934 Lyco

262 2957 420 3038 Unocnle,
444 2959 544 3026 salue.

727 3065 923 3134 Curculio

592 3176 731 3256 Quaem,
756 3176 928 3241 deridesne
953 3176 1025 3240 me?

776 3284 877 3368 Lyco

262 3393 310 3457 De
334 3391 495 3458 Coclitum
517 3394 675 3476 prosapia
698 3400 730 3457 te
754 3413 825 3458 esse
848 3393 1008 3473 arbitror3

262 3500 347 3565 Nam
369 3501 380 3564 i
404 3507 480 3566 sunt
501 3501 644 3568 unoculi.

728 3607 926 3674 Curculio

698 3713 880 3800 Catapulta
902 3717 965 3783 hoc
987 3718 1127 3782 ictnmst
1150 3716 1229 3781 mihi

263 3821 360 3907 Apud
384 3822 563 3907 Sicyonem.

332 4053 383 4105 374
400 4051 463 4120 plus
482 4051 566 4106 alieni
627 4053 678 4104 aba
695 4051 769 4105 uelle
835 4053 1001 4121 381parsat
1067 4047 1118 4104 383
1137 4049 1218 4105 Nune
1280 4045 1328 4101 887
1343 4038 1376 4092 El

261 4136 393 4205 equidem
462 4139 514 4192 390
536 4136 642 4192 salutat
659 4136 827 4192 antecedent
846 4154 871 4191 u.
892 4138 1010 4192 additur.
1089 4137 1253 4206 quaerebam.
1272 4139 1374 4198 sequere

262 4239 314 4276 me.
334 4222 475 4277 Simulabo
495 4223 575 4292 quasi
593 4240 651 4277 non
668 4223 804 4276 nouerim.
823 4221 941 4291 Reliqua
956 4223 1084 4290 monimo
1102 4239 1129 4276 u.
1148 4221 1282 4278 accedant
1331 4210 1375 4301 39²ss

201 4323 203 4330 ’
263 4306 324 4363 Une
342 4309 422 4364 ocule
492 4309 610 4364 aaa-96
629 4308 717 4362 tribue
735 4307 867 4363 uersibus.
935 4311 985 4363 393
1003 4325 1055 4377 pro
1075 4309 1214 4376 sapientia
1287 4302 1333 4358 394
1349 4293 1373 4346 hl

315 4394 419 4449 lectum
438 4401 480 4450 est
