2932 5010
558 523 753 580 uem-mi.
1156 533 1215 594 351

91 719 163 776 ferri
197 739 259 778 non
286 719 402 797 potuit,
437 737 530 796 quare
552 720 642 778 etiam
663 719 862 794 Fleckeisen,
897 719 969 780 dum
998 723 1217 782 nominativum

97 818 193 900 „pioi“
221 821 406 881 commendat
432 821 521 894 (dnn.
544 821 619 900 phil.
643 819 689 894 (ll,
712 843 742 900 p.
767 819 841 892 459)
868 841 923 900 pro
948 823 1099 899 „diuitiis“
1129 824 1218 898 „Rhi-

91 922 200 1004 paeos⁸
223 924 435 984 substituebat.
481 924 566 997 Quod
589 927 730 1002 quoniam
753 924 891 985 licentius
913 925 978 986 fieri
1000 927 1136 1002 videtur,
1160 947 1219 987 non

91 1028 207 1100 dubito,
243 1029 315 1104 quin
343 1029 503 1088 accusativi
532 1047 617 1088 casus
644 1032 685 1088 sit
714 1024 799 1106 piata
832 1022 914 1106 (nam
939 1028 1057 1108 „picos“
1089 1031 1218 1090 seribere

91 1151 152 1189 nou
176 1129 291 1202 audeo).
332 1131 412 1189 lllud
435 1134 529 1208 queri
551 1135 660 1209 potest,
683 1137 785 1190 utrum
808 1131 1001 1194 heteroclitos
1016 1133 1070 1192 illa
1086 1136 1217 1192 nomina·

90 1235 147 1292 tivi
169 1233 277 1306 forma,
302 1253 390 1310 quam
413 1253 449 1291 er
465 1235 681 1310 antiquissimis
698 1235 944 1312 inscriptionibus
959 1238 1105 1310 novimus,
1129 1239 1217 1294 etiam

90 1337 129 1395 ad
153 1339 354 1396 accusativum
376 1339 573 1414 pertinuerit,
597 1358 644 1410 an,
668 1357 734 1414 qum
757 1337 858 1422 Bothii
877 1343 1026 1400 sententia
1041 1341 1106 1413 fuit,
1130 1340 1218 1398 huius

90 1440 222 1498 nominis
250 1441 436 1500 nominativa
462 1439 558 1500 forma
585 1461 644 1500 non
671 1439 791 1519 „picus“
816 1443 916 1516 fuerit,
946 1443 1001 1502 sed
1026 1439 1132 1521 „pix“;
1168 1445 1219 1508 Φίξ

91 1543 172 1600 enim
196 1563 213 1600 a
236 1543 348 1602 Boectis
372 1542 536 1615 dicebatur,
561 1563 626 1620 quae
648 1544 738 1622 vulgo
756 1547 848 1622 Σφὶγξ
869 1550 941 1618 erat,
966 1565 999 1604 ac
1021 1545 1086 1604 fieri
1107 1549 1217 1621 potest,

88 1651 125 1704 ut
158 1645 263 1704 eodem
291 1648 409 1705 nomine
438 1647 554 1723 antiqui
580 1645 649 1704 ltali
678 1646 741 1706 haec
769 1667 887 1724 quoque
915 1652 1049 1707 monstra
1083 1643 1216 1724 (γρῦπας)

92 1749 323 1826 appellaverint.
359 1748 499 1808 Ceterum
521 1750 638 1825 antiqui
660 1748 785 1808 Romani
807 1751 896 1808 etium
915 1753 1004 1808 situm
1023 1752 1120 1809 aureis
1135 1769 1218 1808 mon·

89 1851 174 1908 tibus
202 1851 293 1910 alium
325 1851 496 1928 adsignasse
524 1851 679 1924 videntur,
712 1871 766 1910 uec
794 1851 971 1928 Scytharum
999 1871 1050 1912 eos
1073 1851 1125 1911 sed
1147 1851 1218 1910 Per·

90 1971 193 2012 sarum
221 1953 399 2026 credidisse,
428 1973 456 2014 v.
481 1953 572 2013 Stich.
597 1956 652 2012 29:
690 1953 811 2030 „Neque
840 1954 891 2012 ills
921 1955 979 2013 sibi
1007 1959 1121 2014 mereat
1148 1953 1218 2012 Per·

90 2076 192 2115 aarum
224 2058 343 2130 montis,
385 2057 436 2134 qui
464 2077 528 2116 esse
562 2057 644 2115 aurei
677 2054 912 2134 perhibentur“;
952 2061 982 2115 et
1015 2077 1052 2115 ex
1084 2055 1218 2116 Varrone

89 2159 208 2219 Nonius
229 2179 259 2236 p.
286 2160 346 2218 379
369 2158 470 2218 affert:
498 2159 584 2232 „Non
606 2158 729 2218 demunt
753 2161 860 2217 animis
883 2179 969 2218 curae
992 2179 1026 2217 ae
1047 2159 1218 2235 relligiones

89 2261 249 2322 Persarum
273 2265 394 2333 montes,
417 2281 478 2320 non
500 2261 605 2321 diuitis
627 2263 706 2320 atria
728 2257 859 2321 Cressi‘fl
877 2291 920 2302 -—
938 2257 1051 2335 colant,
1074 2262 1217 2335 incolunt,

91 2361 129 2424 af.
148 2384 177 2422 v.
198 2365 227 2422 4.
249 2393 293 2404 -
316 2363 387 2423 694.
412 2355 500 2423 Nam
521 2363 560 2422 ad
582 2365 736 2440 sequentia
758 2364 895 2439 refertur,
918 2385 946 2424 v.
965 2364 1002 2423 ad
1021 2364 1127 2440 Amph.
1149 2365 1218 2424 104.

91 2469 167 2528 Cum
190 2466 330 2544 Philippo
352 2466 425 2534 eolo,
449 2465 647 2526 Macedonum
667 2488 745 2545 rege,
770 2469 853 2527 cuius
870 2469 988 2526 nomine
1006 2467 1219 2527 circumierun-

89 2577 143 2630 tur
160 2573 244 2629 aurei
262 2570 383 2642 nummi,
407 2589 437 2628 se
455 2575 617 2646 comparat,
641 2591 710 2629 nam
729 2576 845 2630 ceteros
861 2589 945 2648 reges
963 2572 1048 2647 quusi
1066 2569 1218 2628 mendicos

88 2693 154 2754 prae
183 2692 213 2731 se
243 2672 368 2749 spernit.
401 2701 444 2711 -
478 2673 562 2732 695.
582 2672 655 2732 Post
682 2667 755 2732 nolo
787 2673 887 2732 hiatus
915 2676 948 2733 in
976 2692 1104 2745 caesuru3
1138 2671 1219 2748 quod

88 2775 239 2836 Mallerne
257 2773 328 2833 eddi
345 2793 432 2852 posse
447 2777 566 2852 putavit
585 2772 723 2850 „immo“,
741 2777 863 2835 minime
883 2781 985 2852 aptum
1003 2780 1056 2834 est.
1091 2773 1218 2834 Versum

88 2877 179 2937 affert
190 2876 305 2935 Nonius
316 2897 347 2954 p.
364 2877 433 2949 138,
456 2875 509 2935 sed
532 2877 607 2936 male
625 2885 761 2937 enarrat:
790 2877 1042 2950 „mendicabulum
1061 2897 1116 2954 pro
1136 2898 1217 2936 men·

89 2975 278 3050 dicatione“;
302 2978 460 3037 dicendum
484 2983 564 3038 erat:
587 2999 643 3056 pro
666 2981 820 3053 mendicis,
843 2985 879 3038 ut
900 2981 1024 3038 servitia
1040 2999 1096 3056 pro
1114 2981 1216 3040 servis.

91 3113 131 3124 -
154 3083 225 3140 697.
250 3074 409 3141 abitalia
433 3080 631 3141 emendatum.
667 3076 745 3142 illua
766 3088 801 3141 ut
821 3102 877 3160 pro
900 3081 1072 3158 pyrrhichio
1096 3083 1143 3156 sit,
1167 3082 1218 3139 vix

87 3185 254 3244 verisimile
276 3189 335 3256 est;
358 3182 460 3242 Lamb.
483 3180 572 3257 „illo“
594 3185 727 3262 scripsit,
750 3183 838 3243 Both.
866 3183 991 3258 „adueni
1014 3181 1115 3256 illuc“,
1140 3179 1218 3242 aliua

87 3283 193 3347 ueni“.
226 3315 270 3326 —
303 3287 374 3345 698.
409 3280 568 3346 conlocaui
595 3282 631 3346 ia
660 3281 810 3346 arborem.
856 3284 978 3344 Taubm.
1011 3286 1125 3344 confert
1153 3285 1216 3345 aar.

87 3391 125 3450 R.
139 3389 176 3448 R.
191 3391 246 3448 88:
273 3389 323 3463 „in
338 3389 456 3465 patinas
472 3389 504 3447 in
522 3389 585 3448 sole
601 3385 738 3467 ponito“,
761 3388 801 3448 ib.
816 3389 870 3447 52:
898 3389 947 3460 „in
970 3385 1105 3454 arborem
1126 3388 1217 3446 relin-

88 3488 213 3572 quito“;
247 3490 353 3566 Wagn.
382 3491 462 3550 Men.
493 3493 570 3576 965:
620 3492 799 3568 „Postquam
831 3493 863 3549 in
896 3489 1053 3549 tabernam
1085 3509 1158 3548 uasa
1187 3494 1218 3549 et

87 3613 194 3654 seruos
213 3589 397 3652 conlocaui“.
436 3591 517 3652 Trin.
538 3597 615 3654 739:
642 3599 690 3668 „te
708 3595 739 3653 in
757 3595 868 3654 crimen
885 3593 998 3670 populo
1015 3597 1111 3670 ponat
1128 3597 1217 3669 atque

86 3692 275 3756 infamiam“.
320 3694 398 3755 Bud.
425 3697 520 3755 1237:
552 3698 602 3770 „in
624 3717 673 3756 cas
696 3717 763 3756 esca
784 3691 970 3773 inponitur“.
993 3725 1037 3736 -
1060 3697 1130 3755 699.
1159 3689 1217 3754 Ia·

88 3796 205 3877 daque,
240 3797 277 3857 cl.
302 3799 372 3858 671.
419 3795 633 3875 exspectabam
661 3799 734 3858 ferri
762 3819 821 3857 uon
850 3803 965 3876 potest,
999 3799 1058 3856 uisi
1080 3803 1111 3856 et
1135 3793 1215 3872 ‚‚ibi“

86 3901 204 3961 s'cribas
227 3919 283 3977 pro
303 3897 422 3973 „inde“,
446 3905 477 3958 et
497 3897 603 3974 „dum“
625 3921 691 3961 cum
709 3902 897 3960 coniunctivo
916 3899 1069 3978 adiungas.
1104 3897 1217 3958 Guliel-

87 4024 154 4063 nms
188 4001 266 4060 vidit
298 3997 498 4078 affectatum
530 4003 718 4063 scribendum
752 4023 825 4064 esse.
877 4002 1000 4062 Hiatum
1033 4006 1104 4078 post
1135 4001 1164 4060 h.
1187 4021 1215 4060 v.

88 4123 210 4166 caesurae
240 4125 327 4164 causa
354 4106 441 4164 facile
468 4104 591 4179 lei-rem,
625 4107 684 4165 nisi
712 4109 887 4184 sequeretur
919 4106 1014 4164 malus
1047 4108 1216 4180 auapaestus

91 4207 163 4282 „ubi
185 4202 333 4267 abstru·“.
367 4208 450 4266 Antt.
465 4207 531 4268 edd.
549 4207 641 4267 verba
662 4213 920 4286 transposuerunt.
941 4237 977 4248 --
998 4208 1069 4267 700.
1093 4205 1218 4265 Versum

88 4312 177 4370 affert
193 4309 310 4370 Nonius
327 4329 356 4387 p.
371 4311 442 4383 984,
463 4310 516 4369 sed
534 4315 722 4388 corruptum:
751 4311 821 4383 „ubi
837 4311 889 4368 ille
906 4309 978 4383 abit,
1002 4329 1056 4387 ego
1075 4329 1122 4368 me
1141 4309 1216 4368 duco

88 4415 200 4473 serium
217 4412 255 4471 de
272 4409 408 4472 arbore“.
443 4427 492 4472 ma
509 4409 587 4473 daco
603 4431 631 4472 v.
645 4411 683 4471 ad
695 4412 803 4490 Amph.
819 4413 909 4472 1058.
921 4441 965 4453 -
981 4413 1053 4472 701.
1076 4405 1217 4489 Eafodio
