<?xml version="1.0" encoding="UTF-8"?>
<!DOCTYPE html PUBLIC "-//W3C//DTD XHTML 1.0 Transitional//EN"
    "http://www.w3.org/TR/xhtml1/DTD/xhtml1-transitional.dtd">
<html xmlns="http://www.w3.org/1999/xhtml" xml:lang="en" lang="en">
 <head>
  <title>
</title>
<meta http-equiv="Content-Type" content="text/html;charset=utf-8" />
  <meta name='ocr-system' content='tesseract 3.04.00' />
  <meta name='ocr-capabilities' content='ocr_page ocr_carea ocr_par ocr_line ocrx_word'/>
</head>
<body>
  <div class='ocr_page' id='page_1' title='image "./tmacciiplautico00ussigoog_0324.png"; bbox 0 0 2932 5010; ppageno 0'>
   <div class='ocr_carea' id='block_1_1' title="bbox 528 557 1184 630">
    <p class='ocr_par' dir='ltr' id='par_1_1' title="bbox 528 557 1184 630">
     <span class='ocr_line' id='line_1_1' title="bbox 528 557 1184 630; baseline -0.002 -17"><span class='ocrx_word' id='word_1_1' title='bbox 528 557 561 613; x_wconf 87' lang='lat' dir='ltr'><strong>V.</strong></span> <span class='ocrx_word' id='word_1_2' title='bbox 578 559 724 613; x_wconf 73' lang='lat'><strong>295-304,</strong></span> <span class='ocrx_word' id='word_1_3' title='bbox 945 623 947 629; x_wconf 15' lang='lat' dir='ltr'>y</span> <span class='ocrx_word' id='word_1_4' title='bbox 1123 567 1184 630; x_wconf 85' lang='lat'><strong>305</strong></span> 
     </span>
    </p>
   </div>
   <div class='ocr_carea' id='block_1_2' title="bbox 67 751 1189 4623">
    <p class='ocr_par' dir='ltr' id='par_1_2' title="bbox 67 751 1189 4623">
     <span class='ocr_line' id='line_1_2' title="bbox 69 751 1183 834; baseline 0.004 -22"><span class='ocrx_word' id='word_1_5' title='bbox 69 755 94 813; x_wconf 95' lang='lat' dir='ltr'><strong>h.</strong></span> <span class='ocrx_word' id='word_1_6' title='bbox 116 754 135 813; x_wconf 92' lang='lat' dir='ltr'><strong>l.</strong></span> <span class='ocrx_word' id='word_1_7' title='bbox 157 774 193 812; x_wconf 88' lang='lat' dir='ltr'><strong>ex</strong></span> <span class='ocrx_word' id='word_1_8' title='bbox 215 753 349 830; x_wconf 85' lang='lat' dir='ltr'><strong>proxime</strong></span> <span class='ocrx_word' id='word_1_9' title='bbox 377 751 567 814; x_wconf 71' lang='lat' dir='ltr'><strong>antecedenti</strong></span> <span class='ocrx_word' id='word_1_10' title='bbox 594 755 741 814; x_wconf 83' lang='lat' dir='ltr'><strong>sententie</strong></span> <span class='ocrx_word' id='word_1_11' title='bbox 768 753 866 812; x_wconf 90' lang='lat' dir='ltr'><strong>audiri</strong></span> <span class='ocrx_word' id='word_1_12' title='bbox 893 773 954 814; x_wconf 89' lang='lat' dir='ltr'><strong>nou</strong></span> <span class='ocrx_word' id='word_1_13' title='bbox 982 761 1090 834; x_wconf 88' lang='lat' dir='ltr'><strong>potest.</strong></span> <span class='ocrx_word' id='word_1_14' title='bbox 1136 757 1183 816; x_wconf 93' lang='lat' dir='ltr'><strong>ln·</strong></span> 
     </span>
     <span class='ocr_line' id='line_1_3' title="bbox 68 855 1186 935; baseline 0.003 -21"><span class='ocrx_word' id='word_1_15' title='bbox 68 857 209 934; x_wconf 80' lang='lat' dir='ltr'><strong>telligitur</strong></span> <span class='ocrx_word' id='word_1_16' title='bbox 238 876 273 914; x_wconf 85' lang='lat' dir='ltr'><strong>ex</strong></span> <span class='ocrx_word' id='word_1_17' title='bbox 301 855 397 915; x_wconf 88' lang='lat' dir='ltr'><strong>totius</strong></span> <span class='ocrx_word' id='word_1_18' title='bbox 424 855 483 914; x_wconf 85' lang='lat' dir='ltr'><strong>loci</strong></span> <span class='ocrx_word' id='word_1_19' title='bbox 506 857 638 916; x_wconf 88' lang='lat' dir='ltr'><strong>ratione:</strong></span> <span class='ocrx_word' id='word_1_20' title='bbox 676 855 844 935; x_wconf 85' lang='lat' dir='ltr'><strong>„quomodo</strong></span> <span class='ocrx_word' id='word_1_21' title='bbox 872 875 961 934; x_wconf 79' lang='lat' dir='ltr'><strong>agere</strong></span> <span class='ocrx_word' id='word_1_22' title='bbox 988 855 1113 918; x_wconf 87' lang='lat' dir='ltr'><strong>soleat“.</strong></span> <span class='ocrx_word' id='word_1_23' title='bbox 1143 889 1186 900; x_wconf 95' lang='lat'><em>-</em></span> 
     </span>
     <span class='ocr_line' id='line_1_4' title="bbox 70 953 1184 1040; baseline 0.004 -22"><span class='ocrx_word' id='word_1_24' title='bbox 70 961 134 1019; x_wconf 90' lang='grc'><strong>300.</strong></span> <span class='ocrx_word' id='word_1_25' title='bbox 163 953 263 1018; x_wconf 71' lang='lat' dir='ltr'><strong>hercle</strong></span> <span class='ocrx_word' id='word_1_26' title='bbox 286 976 388 1017; x_wconf 87' lang='lat' dir='ltr'><strong>versus</strong></span> <span class='ocrx_word' id='word_1_27' title='bbox 410 958 590 1017; x_wconf 88' lang='lat' dir='ltr'><strong>eausaon</strong></span> <span class='ocrx_word' id='word_1_28' title='bbox 611 960 837 1038; x_wconf 89' lang='lat' dir='ltr'><strong>transpositum.</strong></span> <span class='ocrx_word' id='word_1_29' title='bbox 861 989 903 1000; x_wconf 90' lang='lat'><strong>-·</strong></span> <span class='ocrx_word' id='word_1_30' title='bbox 923 954 1035 1035; x_wconf 76' lang='lat' dir='ltr'><strong>plorat</strong></span> <span class='ocrx_word' id='word_1_31' title='bbox 1050 959 1184 1040; x_wconf 78' lang='lat' dir='ltr'><strong>prosme-</strong></span> 
     </span>
     <span class='ocr_line' id='line_1_5' title="bbox 69 1060 1185 1142; baseline 0 -18"><span class='ocrx_word' id='word_1_32' title='bbox 69 1061 149 1136; x_wconf 78' lang='lat' dir='ltr'><strong>dere,</strong></span> <span class='ocrx_word' id='word_1_33' title='bbox 171 1067 192 1123; x_wconf 96' lang='lat' dir='ltr'><strong>i.</strong></span> <span class='ocrx_word' id='word_1_34' title='bbox 218 1083 243 1121; x_wconf 89' lang='lat' dir='ltr'><strong>a.</strong></span> <span class='ocrx_word' id='word_1_35' title='bbox 268 1062 369 1137; x_wconf 89' lang='lat' dir='ltr'><strong>plorat</strong></span> <span class='ocrx_word' id='word_1_36' title='bbox 395 1060 538 1140; x_wconf 82' lang='lat' dir='ltr'><strong>profundi</strong></span> <span class='ocrx_word' id='word_1_37' title='bbox 566 1081 689 1138; x_wconf 87' lang='lat' dir='ltr'><strong>aquam,</strong></span> <span class='ocrx_word' id='word_1_38' title='bbox 723 1063 772 1122; x_wconf 82' lang='lat' dir='ltr'><strong>vel</strong></span> <span class='ocrx_word' id='word_1_39' title='bbox 793 1064 894 1140; x_wconf 89' lang='lat' dir='ltr'><strong>potins</strong></span> <span class='ocrx_word' id='word_1_40' title='bbox 916 1063 1098 1140; x_wconf 80' lang='lat' dir='ltr'><strong>profundere</strong></span> <span class='ocrx_word' id='word_1_41' title='bbox 1119 1086 1185 1142; x_wconf 75' lang='lat' dir='ltr'><strong>gre·</strong></span> 
     </span>
     <span class='ocr_line' id='line_1_6' title="bbox 67 1163 1185 1244; baseline 0.004 -20"><span class='ocrx_word' id='word_1_42' title='bbox 67 1173 164 1240; x_wconf 83' lang='lat' dir='ltr'><strong>vatur;</strong></span> <span class='ocrx_word' id='word_1_43' title='bbox 198 1167 235 1224; x_wconf 85' lang='lat' dir='ltr'><strong>ol.</strong></span> <span class='ocrx_word' id='word_1_44' title='bbox 264 1165 336 1224; x_wconf 86' lang='lat' dir='ltr'><strong>llor.</strong></span> <span class='ocrx_word' id='word_1_45' title='bbox 366 1163 421 1224; x_wconf 81' lang='lat' dir='ltr'><strong>od.</strong></span> <span class='ocrx_word' id='word_1_46' title='bbox 450 1163 509 1237; x_wconf 87' lang='lat'>111,</span> <span class='ocrx_word' id='word_1_47' title='bbox 536 1165 591 1238; x_wconf 88' lang='lat'><strong>10,</strong></span> <span class='ocrx_word' id='word_1_48' title='bbox 615 1166 651 1222; x_wconf 83' lang='lat'><strong>4:</strong></span> <span class='ocrx_word' id='word_1_49' title='bbox 689 1184 754 1238; x_wconf 80' lang='lat' dir='ltr'><strong>„me</strong></span> <span class='ocrx_word' id='word_1_50' title='bbox 781 1163 909 1224; x_wconf 92' lang='lat' dir='ltr'><strong>obiicere</strong></span> <span class='ocrx_word' id='word_1_51' title='bbox 938 1166 1073 1242; x_wconf 75' lang='lat' dir='ltr'><strong>plorares</strong></span> <span class='ocrx_word' id='word_1_52' title='bbox 1102 1173 1185 1244; x_wconf 92' lang='lat' dir='ltr'><strong>aqui·</strong></span> 
     </span>
     <span class='ocr_line' id='line_1_7' title="bbox 67 1262 1184 1345; baseline 0.004 -17"><span class='ocrx_word' id='word_1_53' title='bbox 67 1267 211 1329; x_wconf 84' lang='lat' dir='ltr'><strong>lonibns“.</strong></span> <span class='ocrx_word' id='word_1_54' title='bbox 234 1299 276 1309; x_wconf 90' lang='lat'><em>-</em></span> <span class='ocrx_word' id='word_1_55' title='bbox 299 1262 395 1340; x_wconf 81' lang='lat' dir='ltr'><strong>lauat,</strong></span> <span class='ocrx_word' id='word_1_56' title='bbox 429 1267 488 1326; x_wconf 85' lang='lat' dir='ltr'><strong>vid.</strong></span> <span class='ocrx_word' id='word_1_57' title='bbox 508 1267 547 1325; x_wconf 87' lang='lat' dir='ltr'><strong>ad</strong></span> <span class='ocrx_word' id='word_1_58' title='bbox 568 1267 676 1345; x_wconf 84' lang='lat' dir='ltr'>Amph.</span> <span class='ocrx_word' id='word_1_59' title='bbox 700 1269 773 1327; x_wconf 81' lang='lat'><strong>795.</strong></span> <span class='ocrx_word' id='word_1_60' title='bbox 795 1297 838 1308; x_wconf 92' lang='lat'>—</span> <span class='ocrx_word' id='word_1_61' title='bbox 862 1270 932 1328; x_wconf 89' lang='grc'><strong>301.</strong></span> <span class='ocrx_word' id='word_1_62' title='bbox 962 1262 1097 1344; x_wconf 76' lang='lat' dir='ltr'><strong>Censen,</strong></span> <span class='ocrx_word' id='word_1_63' title='bbox 1126 1273 1146 1330; x_wconf 91' lang='lat' dir='ltr'><strong>i.</strong></span> <span class='ocrx_word' id='word_1_64' title='bbox 1159 1292 1184 1332; x_wconf 84' lang='lat' dir='ltr'><strong>e.</strong></span> 
     </span>
     <span class='ocr_line' id='line_1_8' title="bbox 67 1367 1186 1443; baseline 0.001 -12"><span class='ocrx_word' id='word_1_65' title='bbox 67 1393 158 1432; x_wconf 89' lang='lat' dir='ltr'><strong>nonne</strong></span> <span class='ocrx_word' id='word_1_66' title='bbox 186 1367 308 1430; x_wconf 77' lang='lat' dir='ltr'><strong>censes?</strong></span> <span class='ocrx_word' id='word_1_67' title='bbox 339 1370 490 1430; x_wconf 74' lang='lat' dir='ltr'><strong>cillere.</strong></span> <span class='ocrx_word' id='word_1_68' title='bbox 514 1371 591 1429; x_wconf 72' lang='lat'>452:</span> <span class='ocrx_word' id='word_1_69' title='bbox 636 1369 864 1443; x_wconf 71' lang='lat' dir='ltr'><strong>„Certumneetl</strong></span> <span class='ocrx_word' id='word_1_70' title='bbox 898 1369 960 1430; x_wconf 83' lang='lat' dir='ltr'><strong>DE.</strong></span> <span class='ocrx_word' id='word_1_71' title='bbox 984 1371 1097 1432; x_wconf 78' lang='lat' dir='ltr'>Censen</span> <span class='ocrx_word' id='word_1_72' title='bbox 1125 1393 1186 1432; x_wconf 89' lang='lat' dir='ltr'><strong>cer·</strong></span> 
     </span>
     <span class='ocr_line' id='line_1_9' title="bbox 67 1471 1188 1551; baseline 0 -17"><span class='ocrx_word' id='word_1_73' title='bbox 67 1485 126 1534; x_wconf 85' lang='lat' dir='ltr'><strong>tum</strong></span> <span class='ocrx_word' id='word_1_74' title='bbox 153 1471 258 1534; x_wconf 80' lang='lat' dir='ltr'><strong>esse?“</strong></span> <span class='ocrx_word' id='word_1_75' title='bbox 294 1503 338 1515; x_wconf 94' lang='lat'>-</span> <span class='ocrx_word' id='word_1_76' title='bbox 370 1473 511 1533; x_wconf 79' lang='lat' dir='ltr'><strong>Codicum</strong></span> <span class='ocrx_word' id='word_1_77' title='bbox 539 1474 718 1551; x_wconf 77' lang='lat' dir='ltr'><strong>scripturam</strong></span> <span class='ocrx_word' id='word_1_78' title='bbox 741 1474 847 1550; x_wconf 73' lang='lat' dir='ltr'><strong>potest</strong></span> <span class='ocrx_word' id='word_1_79' title='bbox 867 1471 1031 1534; x_wconf 80' lang='lat' dir='ltr'><strong>Francken.</strong></span> <span class='ocrx_word' id='word_1_80' title='bbox 1054 1475 1188 1535; x_wconf 80' lang='lat' dir='ltr'><strong>defendit</strong></span> 
     </span>
     <span class='ocr_line' id='line_1_10' title="bbox 68 1575 1186 1656; baseline 0.002 -20"><span class='ocrx_word' id='word_1_81' title='bbox 68 1580 171 1656; x_wconf 75' lang='lat' dir='ltr'><strong>collato</strong></span> <span class='ocrx_word' id='word_1_82' title='bbox 204 1577 281 1640; x_wconf 87' lang='lat' dir='ltr'><strong>Rud.</strong></span> <span class='ocrx_word' id='word_1_83' title='bbox 315 1577 411 1650; x_wconf 82' lang='lat'>1269;</span> <span class='ocrx_word' id='word_1_84' title='bbox 450 1595 554 1634; x_wconf 85' lang='lat' dir='ltr'><strong>verum</strong></span> <span class='ocrx_word' id='word_1_85' title='bbox 587 1575 628 1633; x_wconf 93' lang='lat' dir='ltr'><strong>ibi</strong></span> <span class='ocrx_word' id='word_1_86' title='bbox 661 1577 832 1656; x_wconf 78' lang='lat' dir='ltr'><strong>interpungi</strong></span> <span class='ocrx_word' id='word_1_87' title='bbox 865 1583 983 1654; x_wconf 86' lang='lat' dir='ltr'><strong>potest:</strong></span> <span class='ocrx_word' id='word_1_88' title='bbox 1031 1579 1186 1652; x_wconf 82' lang='lat' dir='ltr'><strong>„Censen?</strong></span> 
     </span>
     <span class='ocr_line' id='line_1_11' title="bbox 68 1675 1187 1760; baseline 0 -19"><span class='ocrx_word' id='word_1_89' title='bbox 68 1683 159 1742; x_wconf 88' lang='lat' dir='ltr'><strong>llodie</strong></span> <span class='ocrx_word' id='word_1_90' title='bbox 187 1679 387 1758; x_wconf 86' lang='lat' dir='ltr'><strong>despondebit</strong></span> <span class='ocrx_word' id='word_1_91' title='bbox 414 1699 478 1738; x_wconf 89' lang='lat' dir='ltr'><strong>eam</strong></span> <span class='ocrx_word' id='word_1_92' title='bbox 507 1679 594 1753; x_wconf 88' lang='lat' dir='ltr'><strong>mihi,</strong></span> <span class='ocrx_word' id='word_1_93' title='bbox 630 1675 780 1756; x_wconf 80' lang='lat' dir='ltr'><strong>quaeso?“</strong></span> <span class='ocrx_word' id='word_1_94' title='bbox 837 1679 913 1738; x_wconf 86' lang='lat' dir='ltr'><strong>Mihi</strong></span> <span class='ocrx_word' id='word_1_95' title='bbox 941 1699 1006 1740; x_wconf 88' lang='lat' dir='ltr'><strong>cum</strong></span> <span class='ocrx_word' id='word_1_96' title='bbox 1035 1682 1187 1760; x_wconf 87' lang='lat' dir='ltr'><strong>plerisque</strong></span> 
     </span>
     <span class='ocr_line' id='line_1_12' title="bbox 68 1779 1186 1864; baseline -0.002 -19"><span class='ocrx_word' id='word_1_97' title='bbox 68 1791 236 1864; x_wconf 87' lang='lat' dir='ltr'><strong>corruptum</strong></span> <span class='ocrx_word' id='word_1_98' title='bbox 264 1783 394 1842; x_wconf 86' lang='lat' dir='ltr'><strong>videtur.</strong></span> <span class='ocrx_word' id='word_1_99' title='bbox 450 1781 569 1840; x_wconf 77' lang='lat' dir='ltr'><strong>Priores</strong></span> <span class='ocrx_word' id='word_1_100' title='bbox 598 1781 681 1841; x_wconf 82' lang='lat' dir='ltr'><strong>edd:</strong></span> <span class='ocrx_word' id='word_1_101' title='bbox 718 1779 885 1860; x_wconf 84' lang='lat' dir='ltr'><strong>„potesee“‚</strong></span> <span class='ocrx_word' id='word_1_102' title='bbox 918 1788 954 1842; x_wconf 91' lang='lat' dir='ltr'><strong>ut</strong></span> <span class='ocrx_word' id='word_1_103' title='bbox 986 1801 1087 1843; x_wconf 87' lang='lat' dir='ltr'><strong>versus</strong></span> <span class='ocrx_word' id='word_1_104' title='bbox 1121 1805 1186 1844; x_wconf 90' lang='lat' dir='ltr'><strong>cnm</strong></span> 
     </span>
     <span class='ocr_line' id='line_1_13' title="bbox 68 1883 1186 1966; baseline 0.002 -20"><span class='ocrx_word' id='word_1_105' title='bbox 68 1891 198 1966; x_wconf 86' lang='lat' dir='ltr'><strong>proximo</strong></span> <span class='ocrx_word' id='word_1_106' title='bbox 230 1888 418 1961; x_wconf 80' lang='lat' dir='ltr'><strong>iungeretur,</strong></span> <span class='ocrx_word' id='word_1_107' title='bbox 453 1884 534 1962; x_wconf 91' lang='lat' dir='ltr'><strong>quod</strong></span> <span class='ocrx_word' id='word_1_108' title='bbox 566 1885 598 1943; x_wconf 89' lang='lat' dir='ltr'><strong>in</strong></span> <span class='ocrx_word' id='word_1_109' title='bbox 631 1886 756 1944; x_wconf 88' lang='lat' dir='ltr'><strong>senariis</strong></span> <span class='ocrx_word' id='word_1_110' title='bbox 783 1883 849 1944; x_wconf 90' lang='lat' dir='ltr'><strong>fieri</strong></span> <span class='ocrx_word' id='word_1_111' title='bbox 876 1887 925 1944; x_wconf 87' lang='lat' dir='ltr'><strong>vix</strong></span> <span class='ocrx_word' id='word_1_112' title='bbox 952 1892 1064 1963; x_wconf 88' lang='lat' dir='ltr'><strong>potest,</strong></span> <span class='ocrx_word' id='word_1_113' title='bbox 1097 1887 1186 1948; x_wconf 89' lang='lat' dir='ltr'><strong>Both.</strong></span> 
     </span>
     <span class='ocr_line' id='line_1_14' title="bbox 71 1985 1186 2066; baseline -0.001 -16"><span class='ocrx_word' id='word_1_114' title='bbox 71 1985 266 2064; x_wconf 83' lang='lat' dir='ltr'><strong>„exorarier.“</strong></span> <span class='ocrx_word' id='word_1_115' title='bbox 313 1989 418 2066; x_wconf 79' lang='lat' dir='ltr'><strong>Wagn.</strong></span> <span class='ocrx_word' id='word_1_116' title='bbox 436 1987 526 2064; x_wconf 77' lang='lat' dir='ltr'><strong>pote.</strong></span> <span class='ocrx_word' id='word_1_117' title='bbox 550 1991 660 2047; x_wconf 88' lang='lat' dir='ltr'><strong>omisso</strong></span> <span class='ocrx_word' id='word_1_118' title='bbox 682 1987 773 2046; x_wconf 85' lang='lat' dir='ltr'><strong>verbo</strong></span> <span class='ocrx_word' id='word_1_119' title='bbox 795 1988 997 2061; x_wconf 85' lang='lat' dir='ltr'><strong>substantivo,</strong></span> <span class='ocrx_word' id='word_1_120' title='bbox 1026 1989 1074 2047; x_wconf 87' lang='lat' dir='ltr'><strong>rel</strong></span> <span class='ocrx_word' id='word_1_121' title='bbox 1093 1987 1186 2066; x_wconf 72' lang='lat' dir='ltr'><strong>polle,</strong></span> 
     </span>
     <span class='ocr_line' id='line_1_15' title="bbox 68 2089 1188 2171; baseline -0.003 -18"><span class='ocrx_word' id='word_1_122' title='bbox 68 2101 99 2153; x_wconf 90' lang='lat' dir='ltr'><strong>ut</strong></span> <span class='ocrx_word' id='word_1_123' title='bbox 118 2097 145 2154; x_wconf 89' lang='lat' dir='ltr'><strong>A</strong></span> <span class='ocrx_word' id='word_1_124' title='bbox 166 2097 199 2152; x_wconf 93' lang='lat' dir='ltr'><strong>in</strong></span> <span class='ocrx_word' id='word_1_125' title='bbox 227 2091 316 2170; x_wconf 83' lang='lat' dir='ltr'><strong>Epid.</strong></span> <span class='ocrx_word' id='word_1_126' title='bbox 345 2093 422 2151; x_wconf 73' lang='lat'>224:</span> <span class='ocrx_word' id='word_1_127' title='bbox 474 2091 534 2166; x_wconf 88' lang='lat' dir='ltr'><strong>„At</strong></span> <span class='ocrx_word' id='word_1_128' title='bbox 555 2089 687 2149; x_wconf 85' lang='lat' dir='ltr'><strong>tributus</strong></span> <span class='ocrx_word' id='word_1_129' title='bbox 709 2111 799 2168; x_wconf 91' lang='lat' dir='ltr'><strong>quom</strong></span> <span class='ocrx_word' id='word_1_130' title='bbox 820 2093 975 2169; x_wconf 85' lang='lat' dir='ltr'><strong>inperetns</strong></span> <span class='ocrx_word' id='word_1_131' title='bbox 996 2097 1055 2166; x_wconf 85' lang='lat' dir='ltr'><strong>est,</strong></span> <span class='ocrx_word' id='word_1_132' title='bbox 1079 2101 1188 2171; x_wconf 78' lang='lat' dir='ltr'><strong>negant</strong></span> 
     </span>
     <span class='ocr_line' id='line_1_16' title="bbox 67 2189 1187 2276; baseline -0.002 -20"><span class='ocrx_word' id='word_1_133' title='bbox 67 2199 153 2274; x_wconf 91' lang='lat' dir='ltr'><strong>pendi</strong></span> <span class='ocrx_word' id='word_1_134' title='bbox 180 2192 282 2276; x_wconf 88' lang='lat' dir='ltr'><strong>potis“</strong></span> <span class='ocrx_word' id='word_1_135' title='bbox 313 2189 398 2272; x_wconf 86' lang='lat' dir='ltr'><strong>(cett.</strong></span> <span class='ocrx_word' id='word_1_136' title='bbox 423 2193 507 2254; x_wconf 91' lang='lat' dir='ltr'><strong>codd.</strong></span> <span class='ocrx_word' id='word_1_137' title='bbox 534 2189 715 2271; x_wconf 84' lang='lat' dir='ltr'><strong>„potesse“).</strong></span> <span class='ocrx_word' id='word_1_138' title='bbox 764 2194 847 2253; x_wconf 87' lang='lat' dir='ltr'><strong>Idem</strong></span> <span class='ocrx_word' id='word_1_139' title='bbox 880 2213 965 2254; x_wconf 88' lang='lat' dir='ltr'><strong>error</strong></span> <span class='ocrx_word' id='word_1_140' title='bbox 997 2195 1187 2272; x_wconf 77' lang='lat' dir='ltr'><strong>corrigendus</strong></span> 
     </span>
     <span class='ocr_line' id='line_1_17' title="bbox 67 2295 1185 2375; baseline -0.001 -16"><span class='ocrx_word' id='word_1_141' title='bbox 67 2302 142 2360; x_wconf 83' lang='lat' dir='ltr'><strong>lieu.</strong></span> <span class='ocrx_word' id='word_1_142' title='bbox 167 2301 246 2360; x_wconf 82' lang='lat'>593:</span> <span class='ocrx_word' id='word_1_143' title='bbox 272 2298 464 2371; x_wconf 84' lang='lat' dir='ltr'><strong>„Clanculum</strong></span> <span class='ocrx_word' id='word_1_144' title='bbox 485 2303 516 2356; x_wconf 92' lang='lat' dir='ltr'><strong>te</strong></span> <span class='ocrx_word' id='word_1_145' title='bbox 538 2301 631 2357; x_wconf 87' lang='lat' dir='ltr'><strong>istaec</strong></span> <span class='ocrx_word' id='word_1_146' title='bbox 651 2296 769 2372; x_wconf 81' lang='lat' dir='ltr'><strong>flagitia</strong></span> <span class='ocrx_word' id='word_1_147' title='bbox 790 2297 887 2356; x_wconf 85' lang='lat' dir='ltr'><strong>lacere</strong></span> <span class='ocrx_word' id='word_1_148' title='bbox 910 2297 1052 2356; x_wconf 77' lang='lat' dir='ltr'><strong>censebas</strong></span> <span class='ocrx_word' id='word_1_149' title='bbox 1073 2295 1185 2375; x_wconf 78' lang='lat' dir='ltr'><strong>pote?“</strong></span> 
     </span>
     <span class='ocr_line' id='line_1_18' title="bbox 69 2395 1186 2480; baseline 0 -18"><span class='ocrx_word' id='word_1_150' title='bbox 69 2401 163 2478; x_wconf 86' lang='lat' dir='ltr'><strong>(codd.</strong></span> <span class='ocrx_word' id='word_1_151' title='bbox 191 2397 375 2480; x_wconf 87' lang='lat' dir='ltr'><strong>„potesae“).</strong></span> <span class='ocrx_word' id='word_1_152' title='bbox 424 2399 544 2460; x_wconf 86' lang='lat' dir='ltr'><strong>Trucul.</strong></span> <span class='ocrx_word' id='word_1_153' title='bbox 570 2401 645 2459; x_wconf 83' lang='lat'><strong>316:</strong></span> <span class='ocrx_word' id='word_1_154' title='bbox 681 2419 787 2477; x_wconf 84' lang='lat' dir='ltr'><strong>„spero</strong></span> <span class='ocrx_word' id='word_1_155' title='bbox 808 2401 950 2460; x_wconf 89' lang='lat' dir='ltr'><strong>inmutari</strong></span> <span class='ocrx_word' id='word_1_156' title='bbox 971 2397 1060 2478; x_wconf 82' lang='lat' dir='ltr'><strong>pote“</strong></span> <span class='ocrx_word' id='word_1_157' title='bbox 1087 2395 1186 2476; x_wconf 88' lang='lat' dir='ltr'><strong>(codd.</strong></span> 
     </span>
     <span class='ocr_line' id='line_1_19' title="bbox 68 2501 1187 2584; baseline -0.001 -21"><span class='ocrx_word' id='word_1_158' title='bbox 68 2513 95 2564; x_wconf 93' lang='lat' dir='ltr'><strong>et</strong></span> <span class='ocrx_word' id='word_1_159' title='bbox 121 2509 147 2565; x_wconf 92' lang='lat' dir='ltr'><strong>A</strong></span> <span class='ocrx_word' id='word_1_160' title='bbox 178 2501 343 2584; x_wconf 84' lang='lat' dir='ltr'><strong>„potest“).</strong></span> <span class='ocrx_word' id='word_1_161' title='bbox 393 2504 478 2582; x_wconf 84' lang='lat' dir='ltr'><strong>Gapt.</strong></span> <span class='ocrx_word' id='word_1_162' title='bbox 510 2501 585 2562; x_wconf 77' lang='lat'>171:</span> <span class='ocrx_word' id='word_1_163' title='bbox 623 2501 704 2574; x_wconf 91' lang='lat' dir='ltr'><strong>„Hoc</strong></span> <span class='ocrx_word' id='word_1_164' title='bbox 736 2501 822 2561; x_wconf 91' lang='lat' dir='ltr'><strong>illum</strong></span> <span class='ocrx_word' id='word_1_165' title='bbox 852 2523 899 2562; x_wconf 88' lang='lat' dir='ltr'><strong>me</strong></span> <span class='ocrx_word' id='word_1_166' title='bbox 928 2510 1043 2562; x_wconf 86' lang='lat' dir='ltr'><strong>mutere</strong></span> <span class='ocrx_word' id='word_1_167' title='bbox 1071 2503 1187 2562; x_wconf 85' lang='lat' dir='ltr'><strong>conlido</strong></span> 
     </span>
     <span class='ocr_line' id='line_1_20' title="bbox 67 2601 1189 2686; baseline 0 -18"><span class='ocrx_word' id='word_1_168' title='bbox 67 2608 151 2686; x_wconf 66' lang='lat' dir='ltr'><strong>pote*</strong></span> <span class='ocrx_word' id='word_1_169' title='bbox 190 2603 291 2686; x_wconf 87' lang='lat' dir='ltr'><strong>(codd.</strong></span> <span class='ocrx_word' id='word_1_170' title='bbox 325 2603 451 2681; x_wconf 84' lang='lat' dir='ltr'><strong>„fore“).</strong></span> <span class='ocrx_word' id='word_1_171' title='bbox 485 2603 522 2665; x_wconf 80' lang='lat' dir='ltr'><strong>es.</strong></span> <span class='ocrx_word' id='word_1_172' title='bbox 553 2603 632 2664; x_wconf 82' lang='lat' dir='ltr'><strong>infra</strong></span> <span class='ocrx_word' id='word_1_173' title='bbox 660 2605 731 2665; x_wconf 85' lang='lat'><strong>382.</strong></span> <span class='ocrx_word' id='word_1_174' title='bbox 771 2635 814 2646; x_wconf 79' lang='grc'><strong>-</strong></span> <span class='ocrx_word' id='word_1_175' title='bbox 852 2601 1004 2667; x_wconf 68' lang='lat' dir='ltr'><strong>talentum</strong></span> <span class='ocrx_word' id='word_1_176' title='bbox 1040 2621 1189 2685; x_wconf 65' lang='lat' dir='ltr'><strong>moyseum</strong></span> 
     </span>
     <span class='ocr_line' id='line_1_21' title="bbox 69 2707 1188 2789; baseline 0.002 -21"><span class='ocrx_word' id='word_1_177' title='bbox 69 2731 142 2789; x_wconf 81' lang='lat' dir='ltr'><strong>saepe</strong></span> <span class='ocrx_word' id='word_1_178' title='bbox 163 2712 278 2789; x_wconf 79' lang='lat' dir='ltr'><strong>legitur</strong></span> <span class='ocrx_word' id='word_1_179' title='bbox 300 2711 331 2768; x_wconf 89' lang='lat' dir='ltr'><strong>in</strong></span> <span class='ocrx_word' id='word_1_180' title='bbox 353 2707 518 2781; x_wconf 86' lang='lat' dir='ltr'><strong>eomoediis,</strong></span> <span class='ocrx_word' id='word_1_181' title='bbox 548 2727 577 2768; x_wconf 87' lang='lat' dir='ltr'><strong>r.</strong></span> <span class='ocrx_word' id='word_1_182' title='bbox 600 2707 685 2768; x_wconf 87' lang='lat' dir='ltr'><strong>Cure.</strong></span> <span class='ocrx_word' id='word_1_183' title='bbox 710 2709 760 2768; x_wconf 89' lang='grc'><strong>64.</strong></span> <span class='ocrx_word' id='word_1_184' title='bbox 799 2707 871 2768; x_wconf 76' lang='lat' dir='ltr'><strong>cist.</strong></span> <span class='ocrx_word' id='word_1_185' title='bbox 895 2710 967 2770; x_wconf 85' lang='lat'><strong>391.</strong></span> <span class='ocrx_word' id='word_1_186' title='bbox 1002 2709 1091 2770; x_wconf 82' lang='lat' dir='ltr'><strong>Most.</strong></span> <span class='ocrx_word' id='word_1_187' title='bbox 1116 2712 1188 2770; x_wconf 81' lang='lat'><strong>632.</strong></span> 
     </span>
     <span class='ocr_line' id='line_1_22' title="bbox 70 2811 1188 2886; baseline 0 -12"><span class='ocrx_word' id='word_1_188' title='bbox 70 2817 136 2875; x_wconf 83' lang='grc'><strong>393.</strong></span> <span class='ocrx_word' id='word_1_189' title='bbox 169 2813 340 2874; x_wconf 79' lang='lat' dir='ltr'><strong>Rnd.778.</strong></span> <span class='ocrx_word' id='word_1_190' title='bbox 362 2813 453 2870; x_wconf 86' lang='lat'><strong>1330.</strong></span> <span class='ocrx_word' id='word_1_191' title='bbox 487 2811 607 2871; x_wconf 88' lang='lat' dir='ltr'><strong>Truenl.</strong></span> <span class='ocrx_word' id='word_1_192' title='bbox 632 2813 703 2871; x_wconf 76' lang='lat'><strong>832.</strong></span> <span class='ocrx_word' id='word_1_193' title='bbox 737 2811 941 2872; x_wconf 75' lang='lat' dir='ltr'><strong>TenPhorm.</strong></span> <span class='ocrx_word' id='word_1_194' title='bbox 966 2814 1043 2886; x_wconf 80' lang='lat'><strong>644;</strong></span> <span class='ocrx_word' id='word_1_195' title='bbox 1067 2814 1139 2873; x_wconf 90' lang='lat' dir='ltr'><strong>item</strong></span> <span class='ocrx_word' id='word_1_196' title='bbox 1157 2813 1188 2874; x_wconf 84' lang='lat' dir='ltr'><strong>G.</strong></span> 
     </span>
     <span class='ocr_line' id='line_1_23' title="bbox 67 2913 1188 2992; baseline 0.002 -18"><span class='ocrx_word' id='word_1_197' title='bbox 67 2915 216 2977; x_wconf 82' lang='lat' dir='ltr'><strong>Gracchus</strong></span> <span class='ocrx_word' id='word_1_198' title='bbox 240 2935 287 2992; x_wconf 90' lang='lat' dir='ltr'><strong>ap.</strong></span> <span class='ocrx_word' id='word_1_199' title='bbox 300 2914 430 2974; x_wconf 86' lang='lat' dir='ltr'><strong>Gellium</strong></span> <span class='ocrx_word' id='word_1_200' title='bbox 447 2913 500 2988; x_wconf 84' lang='lat' dir='ltr'><strong>xl,</strong></span> <span class='ocrx_word' id='word_1_201' title='bbox 526 2917 574 2986; x_wconf 88' lang='lat'><strong>10,</strong></span> <span class='ocrx_word' id='word_1_202' title='bbox 599 2915 626 2974; x_wconf 86' lang='grc'><strong>6.</strong></span> <span class='ocrx_word' id='word_1_203' title='bbox 661 2913 855 2990; x_wconf 71' lang='lat' dir='ltr'><strong>significatur</strong></span> <span class='ocrx_word' id='word_1_204' title='bbox 870 2915 1071 2992; x_wconf 79' lang='lat' dir='ltr'><strong>AEgineticum</strong></span> <span class='ocrx_word' id='word_1_205' title='bbox 1093 2917 1188 2976; x_wconf 89' lang='lat' dir='ltr'><strong>talen·</strong></span> 
     </span>
     <span class='ocr_line' id='line_1_24' title="bbox 67 3017 1189 3096; baseline 0.002 -19"><span class='ocrx_word' id='word_1_206' title='bbox 67 3026 139 3093; x_wconf 88' lang='lat' dir='ltr'><strong>tum;</strong></span> <span class='ocrx_word' id='word_1_207' title='bbox 162 3039 234 3080; x_wconf 88' lang='lat' dir='ltr'><strong>nam</strong></span> <span class='ocrx_word' id='word_1_208' title='bbox 257 3019 381 3095; x_wconf 90' lang='lat' dir='ltr'><strong>antiqua</strong></span> <span class='ocrx_word' id='word_1_209' title='bbox 402 3017 454 3076; x_wconf 90' lang='lat' dir='ltr'><strong>illa</strong></span> <span class='ocrx_word' id='word_1_210' title='bbox 470 3037 657 3078; x_wconf 89' lang='lat' dir='ltr'><strong>nummorum</strong></span> <span class='ocrx_word' id='word_1_211' title='bbox 673 3019 761 3090; x_wconf 88' lang='lat' dir='ltr'><strong>ratio,</strong></span> <span class='ocrx_word' id='word_1_212' title='bbox 786 3037 875 3095; x_wconf 91' lang='lat' dir='ltr'><strong>quam</strong></span> <span class='ocrx_word' id='word_1_213' title='bbox 893 3019 974 3096; x_wconf 90' lang='lat' dir='ltr'><strong>apud</strong></span> <span class='ocrx_word' id='word_1_214' title='bbox 991 3019 1189 3079; x_wconf 78' lang='lat' dir='ltr'><strong>Athenienses</strong></span> 
     </span>
     <span class='ocr_line' id='line_1_25' title="bbox 68 3119 1188 3200; baseline 0 -20"><span class='ocrx_word' id='word_1_215' title='bbox 68 3129 234 3182; x_wconf 86' lang='lat' dir='ltr'><strong>mutaverat</strong></span> <span class='ocrx_word' id='word_1_216' title='bbox 255 3119 356 3194; x_wconf 81' lang='lat' dir='ltr'><strong>Solon,</strong></span> <span class='ocrx_word' id='word_1_217' title='bbox 384 3129 485 3180; x_wconf 91' lang='lat' dir='ltr'><strong>temen</strong></span> <span class='ocrx_word' id='word_1_218' title='bbox 507 3125 630 3199; x_wconf 89' lang='lat' dir='ltr'><strong>propter</strong></span> <span class='ocrx_word' id='word_1_219' title='bbox 651 3121 857 3180; x_wconf 88' lang='lat' dir='ltr'><strong>commercium</strong></span> <span class='ocrx_word' id='word_1_220' title='bbox 878 3121 1073 3180; x_wconf 83' lang='lat' dir='ltr'><strong>finitimorum</strong></span> <span class='ocrx_word' id='word_1_221' title='bbox 1095 3141 1188 3200; x_wconf 92' lang='lat' dir='ltr'><strong>popu·</strong></span> 
     </span>
     <span class='ocr_line' id='line_1_26' title="bbox 67 3223 1187 3302; baseline 0.001 -20"><span class='ocrx_word' id='word_1_222' title='bbox 67 3226 158 3286; x_wconf 90' lang='lat' dir='ltr'><strong>lorum</strong></span> <span class='ocrx_word' id='word_1_223' title='bbox 186 3225 236 3286; x_wconf 87' lang='lat' dir='ltr'><strong>vel</strong></span> <span class='ocrx_word' id='word_1_224' title='bbox 263 3229 333 3302; x_wconf 87' lang='lat' dir='ltr'><strong>post</strong></span> <span class='ocrx_word' id='word_1_225' title='bbox 359 3223 447 3301; x_wconf 90' lang='lat' dir='ltr'><strong>plura</strong></span> <span class='ocrx_word' id='word_1_226' title='bbox 476 3225 585 3283; x_wconf 87' lang='lat' dir='ltr'><strong>saecula</strong></span> <span class='ocrx_word' id='word_1_227' title='bbox 614 3231 685 3282; x_wconf 90' lang='lat' dir='ltr'><strong>nota</strong></span> <span class='ocrx_word' id='word_1_228' title='bbox 714 3228 745 3280; x_wconf 92' lang='lat' dir='ltr'><strong>et</strong></span> <span class='ocrx_word' id='word_1_229' title='bbox 772 3223 923 3282; x_wconf 90' lang='lat' dir='ltr'><strong>interdum</strong></span> <span class='ocrx_word' id='word_1_230' title='bbox 945 3231 1092 3302; x_wconf 87' lang='lat' dir='ltr'><strong>usurpata</strong></span> <span class='ocrx_word' id='word_1_231' title='bbox 1113 3230 1187 3299; x_wconf 83' lang='lat' dir='ltr'><strong>erat,</strong></span> 
     </span>
     <span class='ocr_line' id='line_1_27' title="bbox 67 3325 1188 3407; baseline 0.002 -22"><span class='ocrx_word' id='word_1_232' title='bbox 67 3329 226 3407; x_wconf 85' lang='lat' dir='ltr'><strong>v.Dipl1il.</strong></span> <span class='ocrx_word' id='word_1_233' title='bbox 253 3347 300 3404; x_wconf 86' lang='lat' dir='ltr'><strong>ap.</strong></span> <span class='ocrx_word' id='word_1_234' title='bbox 323 3325 432 3386; x_wconf 90' lang='lat' dir='ltr'><strong>Athen.</strong></span> <span class='ocrx_word' id='word_1_235' title='bbox 456 3326 506 3400; x_wconf 87' lang='lat' dir='ltr'><strong>vl,</strong></span> <span class='ocrx_word' id='word_1_236' title='bbox 531 3329 591 3386; x_wconf 77' lang='lat'><strong>225</strong></span> <span class='ocrx_word' id='word_1_237' title='bbox 616 3325 634 3384; x_wconf 92' lang='lat' dir='ltr'>b</span> <span class='ocrx_word' id='word_1_238' title='bbox 657 3325 694 3384; x_wconf 91' lang='lat' dir='ltr'><strong>de</strong></span> <span class='ocrx_word' id='word_1_239' title='bbox 715 3325 885 3384; x_wconf 84' lang='lat' dir='ltr'><strong>macellaris</strong></span> <span class='ocrx_word' id='word_1_240' title='bbox 907 3328 1038 3404; x_wconf 91' lang='lat' dir='ltr'><strong>pretium</strong></span> <span class='ocrx_word' id='word_1_241' title='bbox 1060 3329 1188 3406; x_wconf 88' lang='lat' dir='ltr'><strong>piscium</strong></span> 
     </span>
     <span class='ocr_line' id='line_1_28' title="bbox 68 3429 1189 3510; baseline 0.002 -22"><span class='ocrx_word' id='word_1_242' title='bbox 68 3432 122 3490; x_wconf 90' lang='lat' dir='ltr'><strong>sibi</strong></span> <span class='ocrx_word' id='word_1_243' title='bbox 143 3429 336 3510; x_wconf 88' lang='lat' dir='ltr'><strong>pendendum</strong></span> <span class='ocrx_word' id='word_1_244' title='bbox 360 3429 399 3488; x_wconf 90' lang='lat' dir='ltr'><strong>ad</strong></span> <span class='ocrx_word' id='word_1_245' title='bbox 420 3429 620 3507; x_wconf 77' lang='lat' dir='ltr'><strong>AEgineticam</strong></span> <span class='ocrx_word' id='word_1_246' title='bbox 647 3431 792 3487; x_wconf 90' lang='lat' dir='ltr'><strong>rationem</strong></span> <span class='ocrx_word' id='word_1_247' title='bbox 820 3435 1026 3508; x_wconf 87' lang='lat' dir='ltr'><strong>computante,</strong></span> <span class='ocrx_word' id='word_1_248' title='bbox 1061 3432 1087 3489; x_wconf 88' lang='lat' dir='ltr'><strong>ei</strong></span> <span class='ocrx_word' id='word_1_249' title='bbox 1115 3431 1189 3508; x_wconf 91' lang='lat' dir='ltr'><strong>quid</strong></span> 
     </span>
     <span class='ocr_line' id='line_1_29' title="bbox 67 3527 1188 3607; baseline 0.003 -17"><span class='ocrx_word' id='word_1_250' title='bbox 67 3534 249 3594; x_wconf 88' lang='lat' dir='ltr'><strong>reddendum</strong></span> <span class='ocrx_word' id='word_1_251' title='bbox 271 3533 321 3607; x_wconf 65' lang='lat' dir='ltr'><strong>sit,</strong></span> <span class='ocrx_word' id='word_1_252' title='bbox 343 3527 461 3592; x_wconf 87' lang='lat' dir='ltr'><strong>Atticos</strong></span> <span class='ocrx_word' id='word_1_253' title='bbox 483 3551 617 3592; x_wconf 88' lang='lat' dir='ltr'><strong>nummos</strong></span> <span class='ocrx_word' id='word_1_254' title='bbox 638 3531 791 3591; x_wconf 86' lang='lat' dir='ltr'><strong>reddente.</strong></span> <span class='ocrx_word' id='word_1_255' title='bbox 825 3531 1001 3591; x_wconf 84' lang='lat' dir='ltr'><strong>Rectissime</strong></span> <span class='ocrx_word' id='word_1_256' title='bbox 1018 3532 1188 3593; x_wconf 87' lang='lat' dir='ltr'><strong>Priscianus</strong></span> 
     </span>
     <span class='ocr_line' id='line_1_30' title="bbox 68 3634 1188 3716; baseline 0.003 -23"><span class='ocrx_word' id='word_1_257' title='bbox 68 3636 101 3695; x_wconf 89' lang='lat' dir='ltr'><strong>de</strong></span> <span class='ocrx_word' id='word_1_258' title='bbox 129 3637 196 3716; x_wconf 71' lang='lat' dir='ltr'><strong>rig.</strong></span> <span class='ocrx_word' id='word_1_259' title='bbox 221 3655 333 3696; x_wconf 89' lang='lat' dir='ltr'><strong>numer.</strong></span> <span class='ocrx_word' id='word_1_260' title='bbox 358 3639 391 3709; x_wconf 81' lang='lat'><strong>2,</strong></span> <span class='ocrx_word' id='word_1_261' title='bbox 428 3637 481 3695; x_wconf 88' lang='lat'><strong>10:</strong></span> <span class='ocrx_word' id='word_1_262' title='bbox 519 3635 694 3710; x_wconf 75' lang='lat' dir='ltr'><strong>„Talentum</strong></span> <span class='ocrx_word' id='word_1_263' title='bbox 726 3634 910 3694; x_wconf 85' lang='lat' dir='ltr'><strong>Atheniense</strong></span> <span class='ocrx_word' id='word_1_264' title='bbox 943 3655 1069 3714; x_wconf 86' lang='lat' dir='ltr'><strong>parvum</strong></span> <span class='ocrx_word' id='word_1_265' title='bbox 1101 3637 1188 3696; x_wconf 81' lang='lat' dir='ltr'><strong>minae</strong></span> 
     </span>
     <span class='ocr_line' id='line_1_31' title="bbox 67 3735 1187 3818; baseline 0.003 -22"><span class='ocrx_word' id='word_1_266' title='bbox 67 3742 228 3818; x_wconf 84' lang='lat' dir='ltr'><strong>sexaginta,</strong></span> <span class='ocrx_word' id='word_1_267' title='bbox 246 3759 384 3816; x_wconf 75' lang='lat' dir='ltr'><strong>magnum</strong></span> <span class='ocrx_word' id='word_1_268' title='bbox 402 3740 490 3797; x_wconf 81' lang='lat' dir='ltr'><strong>minae</strong></span> <span class='ocrx_word' id='word_1_269' title='bbox 508 3741 660 3815; x_wconf 75' lang='lat' dir='ltr'><strong>octoginta</strong></span> <span class='ocrx_word' id='word_1_270' title='bbox 676 3745 737 3796; x_wconf 86' lang='lat' dir='ltr'><strong>tres</strong></span> <span class='ocrx_word' id='word_1_271' title='bbox 755 3742 785 3796; x_wconf 88' lang='lat' dir='ltr'><strong>et</strong></span> <span class='ocrx_word' id='word_1_272' title='bbox 799 3739 894 3797; x_wconf 76' lang='lat' dir='ltr'><strong>uncia</strong></span> <span class='ocrx_word' id='word_1_273' title='bbox 912 3735 1085 3814; x_wconf 89' lang='lat' dir='ltr'><strong>quattuor“.</strong></span> <span class='ocrx_word' id='word_1_274' title='bbox 1120 3739 1187 3799; x_wconf 85' lang='lat' dir='ltr'><strong>Vid.</strong></span> 
     </span>
     <span class='ocr_line' id='line_1_32' title="bbox 68 3839 1189 3919; baseline 0.001 -19"><span class='ocrx_word' id='word_1_275' title='bbox 68 3841 202 3901; x_wconf 87' lang='lat' dir='ltr'><strong>Hulteeh.</strong></span> <span class='ocrx_word' id='word_1_276' title='bbox 222 3839 412 3900; x_wconf 87' lang='lat' dir='ltr'><strong>Grieehische</strong></span> <span class='ocrx_word' id='word_1_277' title='bbox 435 3861 464 3900; x_wconf 91' lang='lat' dir='ltr'><strong>n.</strong></span> <span class='ocrx_word' id='word_1_278' title='bbox 488 3840 632 3900; x_wconf 79' lang='lat' dir='ltr'><strong>rdmische</strong></span> <span class='ocrx_word' id='word_1_279' title='bbox 653 3841 831 3916; x_wconf 82' lang='lat' dir='ltr'><strong>Metrologie</strong></span> <span class='ocrx_word' id='word_1_280' title='bbox 853 3859 882 3917; x_wconf 89' lang='lat' dir='ltr'><strong>p.</strong></span> <span class='ocrx_word' id='word_1_281' title='bbox 909 3843 967 3900; x_wconf 88' lang='grc'><strong>139</strong></span> <span class='ocrx_word' id='word_1_282' title='bbox 992 3861 1037 3919; x_wconf 88' lang='lat' dir='ltr'><strong>sq.</strong></span> <span class='ocrx_word' id='word_1_283' title='bbox 1060 3847 1090 3900; x_wconf 91' lang='lat' dir='ltr'><strong>et</strong></span> <span class='ocrx_word' id='word_1_284' title='bbox 1111 3843 1189 3901; x_wconf 80' lang='lat' dir='ltr'><strong>inira</strong></span> 
     </span>
     <span class='ocr_line' id='line_1_33' title="bbox 70 3939 1187 4022; baseline 0.002 -21"><span class='ocrx_word' id='word_1_285' title='bbox 70 3944 105 4002; x_wconf 89' lang='lat' dir='ltr'><strong>ad</strong></span> <span class='ocrx_word' id='word_1_286' title='bbox 131 3965 159 4005; x_wconf 85' lang='lat' dir='ltr'><strong>v.</strong></span> <span class='ocrx_word' id='word_1_287' title='bbox 182 3945 257 4003; x_wconf 88' lang='grc'><strong>440.</strong></span> <span class='ocrx_word' id='word_1_288' title='bbox 281 3972 320 3984; x_wconf 92' lang='grc'>-</span> <span class='ocrx_word' id='word_1_289' title='bbox 346 3945 417 4003; x_wconf 74' lang='grc'><strong>300.</strong></span> <span class='ocrx_word' id='word_1_290' title='bbox 442 3939 509 4020; x_wconf 77' lang='lat' dir='ltr'><strong>qui,</strong></span> <span class='ocrx_word' id='word_1_291' title='bbox 538 3945 557 4003; x_wconf 93' lang='lat' dir='ltr'><strong>i.</strong></span> <span class='ocrx_word' id='word_1_292' title='bbox 581 3963 606 4003; x_wconf 90' lang='lat' dir='ltr'><strong>e.</strong></span> <span class='ocrx_word' id='word_1_293' title='bbox 630 3963 688 4020; x_wconf 93' lang='lat' dir='ltr'><strong>quo</strong></span> <span class='ocrx_word' id='word_1_294' title='bbox 709 3945 823 4022; x_wconf 82' lang='lat' dir='ltr'><strong>pretio,</strong></span> <span class='ocrx_word' id='word_1_295' title='bbox 854 3943 891 4004; x_wconf 83' lang='lat' dir='ltr'><strong>ef.</strong></span> <span class='ocrx_word' id='word_1_296' title='bbox 916 3945 987 4003; x_wconf 85' lang='grc'><strong>369.</strong></span> <span class='ocrx_word' id='word_1_297' title='bbox 1020 3973 1057 3984; x_wconf 92' lang='grc'>-</span> <span class='ocrx_word' id='word_1_298' title='bbox 1087 3939 1187 4018; x_wconf 75' lang='lat' dir='ltr'><strong>liberi,</strong></span> 
     </span>
     <span class='ocr_line' id='line_1_34' title="bbox 69 4045 1184 4125; baseline 0.001 -21"><span class='ocrx_word' id='word_1_299' title='bbox 69 4067 94 4106; x_wconf 83' lang='lat' dir='ltr'><strong>v.</strong></span> <span class='ocrx_word' id='word_1_300' title='bbox 107 4067 197 4125; x_wconf 90' lang='lat' dir='ltr'><strong>supro</strong></span> <span class='ocrx_word' id='word_1_301' title='bbox 209 4067 239 4124; x_wconf 93' lang='lat' dir='ltr'><strong>p.</strong></span> <span class='ocrx_word' id='word_1_302' title='bbox 253 4047 325 4106; x_wconf 93' lang='grc'><strong>301.</strong></span> <span class='ocrx_word' id='word_1_303' title='bbox 337 4075 380 4087; x_wconf 93' lang='grc'><strong>--</strong></span> <span class='ocrx_word' id='word_1_304' title='bbox 393 4047 463 4106; x_wconf 88' lang='grc'><strong>303.</strong></span> <span class='ocrx_word' id='word_1_305' title='bbox 483 4047 519 4105; x_wconf 82' lang='lat' dir='ltr'><strong>cf.</strong></span> <span class='ocrx_word' id='word_1_306' title='bbox 534 4049 583 4106; x_wconf 86' lang='grc'><strong>96.</strong></span> <span class='ocrx_word' id='word_1_307' title='bbox 596 4075 639 4088; x_wconf 88' lang='lat'><strong>--</strong></span> <span class='ocrx_word' id='word_1_308' title='bbox 652 4049 712 4106; x_wconf 83' lang='lat'><strong>304</strong></span> <span class='ocrx_word' id='word_1_309' title='bbox 725 4067 769 4124; x_wconf 91' lang='lat' dir='ltr'><strong>sq.</strong></span> <span class='ocrx_word' id='word_1_310' title='bbox 781 4045 828 4106; x_wconf 89' lang='lat' dir='ltr'><strong>bis</strong></span> <span class='ocrx_word' id='word_1_311' title='bbox 845 4045 933 4104; x_wconf 83' lang='lat' dir='ltr'><strong>affert</strong></span> <span class='ocrx_word' id='word_1_312' title='bbox 944 4045 1068 4120; x_wconf 83' lang='lat' dir='ltr'><strong>Nonius,</strong></span> <span class='ocrx_word' id='word_1_313' title='bbox 1081 4067 1111 4124; x_wconf 93' lang='lat' dir='ltr'><strong>p.</strong></span> <span class='ocrx_word' id='word_1_314' title='bbox 1127 4049 1184 4105; x_wconf 79' lang='lat'><strong>151</strong></span> 
     </span>
     <span class='ocr_line' id='line_1_35' title="bbox 69 4145 1188 4228; baseline 0.001 -22"><span class='ocrx_word' id='word_1_315' title='bbox 69 4169 125 4226; x_wconf 90' lang='lat' dir='ltr'><strong>sq.:</strong></span> <span class='ocrx_word' id='word_1_316' title='bbox 152 4145 392 4227; x_wconf 65' lang='lat' dir='ltr'><strong>„streseffiniuu</strong></span> <span class='ocrx_word' id='word_1_317' title='bbox 408 4152 531 4228; x_wconf 89' lang='lat' dir='ltr'><strong>proprie</strong></span> <span class='ocrx_word' id='word_1_318' title='bbox 542 4148 666 4208; x_wconf 88' lang='lat' dir='ltr'><strong>Plautus</strong></span> <span class='ocrx_word' id='word_1_319' title='bbox 677 4152 708 4208; x_wconf 90' lang='lat' dir='ltr'><strong>in</strong></span> <span class='ocrx_word' id='word_1_320' title='bbox 719 4149 875 4209; x_wconf 86' lang='lat' dir='ltr'><strong>Aulularia</strong></span> <span class='ocrx_word' id='word_1_321' title='bbox 886 4168 922 4208; x_wconf 89' lang='lat' dir='ltr'><strong>ea</strong></span> <span class='ocrx_word' id='word_1_322' title='bbox 933 4148 992 4208; x_wconf 89' lang='lat' dir='ltr'><strong>diei</strong></span> <span class='ocrx_word' id='word_1_323' title='bbox 1003 4149 1108 4222; x_wconf 84' lang='lat' dir='ltr'><strong>voluit,</strong></span> <span class='ocrx_word' id='word_1_324' title='bbox 1122 4169 1188 4226; x_wconf 75' lang='lat' dir='ltr'><strong>que</strong></span> 
     </span>
     <span class='ocr_line' id='line_1_36' title="bbox 69 4247 1186 4329; baseline 0.001 -20"><span class='ocrx_word' id='word_1_325' title='bbox 69 4253 214 4328; x_wconf 80' lang='lat' dir='ltr'><strong>unguibus</strong></span> <span class='ocrx_word' id='word_1_326' title='bbox 233 4251 372 4311; x_wconf 90' lang='lat' dir='ltr'><strong>eminulis</strong></span> <span class='ocrx_word' id='word_1_327' title='bbox 396 4257 613 4329; x_wconf 76' lang='lat' dir='ltr'><strong>praesecantur:</strong></span> <span class='ocrx_word' id='word_1_328' title='bbox 641 4253 731 4329; x_wconf 79' lang='lat' dir='ltr'><strong>„quin</strong></span> <span class='ocrx_word' id='word_1_329' title='bbox 754 4254 819 4329; x_wconf 87' lang='lat' dir='ltr'><strong>ipse</strong></span> <span class='ocrx_word' id='word_1_330' title='bbox 842 4251 961 4329; x_wconf 87' lang='lat' dir='ltr'><strong>quidem</strong></span> <span class='ocrx_word' id='word_1_331' title='bbox 983 4257 1090 4310; x_wconf 87' lang='lat' dir='ltr'><strong>tonsor</strong></span> <span class='ocrx_word' id='word_1_332' title='bbox 1110 4247 1186 4311; x_wconf 82' lang='lat' dir='ltr'><strong>etc.“</strong></span> 
     </span>
     <span class='ocr_line' id='line_1_37' title="bbox 70 4351 1187 4433; baseline 0.003 -22"><span class='ocrx_word' id='word_1_333' title='bbox 70 4361 147 4433; x_wconf 88' lang='lat' dir='ltr'><strong>etp.</strong></span> <span class='ocrx_word' id='word_1_334' title='bbox 172 4357 250 4415; x_wconf 79' lang='lat'><strong>2⁷3:</strong></span> <span class='ocrx_word' id='word_1_335' title='bbox 277 4357 369 4432; x_wconf 89' lang='lat' dir='ltr'><strong>„quin</strong></span> <span class='ocrx_word' id='word_1_336' title='bbox 390 4357 455 4432; x_wconf 91' lang='lat' dir='ltr'><strong>ipse</strong></span> <span class='ocrx_word' id='word_1_337' title='bbox 477 4353 594 4433; x_wconf 89' lang='lat' dir='ltr'><strong>pridem</strong></span> <span class='ocrx_word' id='word_1_338' title='bbox 617 4351 706 4414; x_wconf 60' lang='lat' dir='ltr'><strong>stef.</strong></span> <span class='ocrx_word' id='word_1_339' title='bbox 749 4351 814 4429; x_wconf 71' lang='lat' dir='ltr'><strong>ipsi</strong></span> <span class='ocrx_word' id='word_1_340' title='bbox 835 4361 916 4414; x_wconf 89' lang='lat' dir='ltr'><strong>recte</strong></span> <span class='ocrx_word' id='word_1_341' title='bbox 938 4354 1024 4414; x_wconf 91' lang='lat' dir='ltr'><strong>codd.</strong></span> <span class='ocrx_word' id='word_1_342' title='bbox 1047 4354 1187 4415; x_wconf 86' lang='lat' dir='ltr'><strong>Plautini.</strong></span> 
     </span>
     <span class='ocr_line' id='line_1_38' title="bbox 71 4455 1189 4535; baseline 0.002 -21"><span class='ocrx_word' id='word_1_343' title='bbox 71 4455 202 4531; x_wconf 83' lang='lat' dir='ltr'><strong>Seyffert.</strong></span> <span class='ocrx_word' id='word_1_344' title='bbox 225 4461 258 4518; x_wconf 91' lang='lat' dir='ltr'><strong>in</strong></span> <span class='ocrx_word' id='word_1_345' title='bbox 273 4458 418 4535; x_wconf 79' lang='lat' dir='ltr'><strong>Philolog.</strong></span> <span class='ocrx_word' id='word_1_346' title='bbox 435 4457 529 4531; x_wconf 85' lang='lat' dir='ltr'>XXV,</span> <span class='ocrx_word' id='word_1_347' title='bbox 552 4477 583 4534; x_wconf 92' lang='lat' dir='ltr'><strong>p.</strong></span> <span class='ocrx_word' id='word_1_348' title='bbox 595 4457 657 4516; x_wconf 83' lang='lat'><strong>442</strong></span> <span class='ocrx_word' id='word_1_349' title='bbox 683 4457 779 4531; x_wconf 78' lang='lat' dir='ltr'><strong>„Quin</strong></span> <span class='ocrx_word' id='word_1_350' title='bbox 799 4477 887 4534; x_wconf 92' lang='lat' dir='ltr'><strong>quom</strong></span> <span class='ocrx_word' id='word_1_351' title='bbox 905 4457 981 4534; x_wconf 84' lang='lat' dir='ltr'><strong>ipsi“</strong></span> <span class='ocrx_word' id='word_1_352' title='bbox 1001 4458 1189 4516; x_wconf 89' lang='lat' dir='ltr'><strong>scribendum</strong></span> 
     </span>
     <span class='ocr_line' id='line_1_39' title="bbox 712 4570 986 4623; baseline 0 0"><span class='ocrx_word' id='word_1_353' title='bbox 712 4570 715 4578; x_wconf 74' lang='grc'><em>’</em></span> <span class='ocrx_word' id='word_1_354' title='bbox 952 4573 986 4623; x_wconf 72' lang='grc'><strong>30</strong></span> 
     </span>
    </p>
   </div>
   <div class='ocr_carea' id='block_1_3' title="bbox 0 0 1472 5010">
    <p class='ocr_par' dir='ltr' id='par_1_3' title="bbox 0 0 1472 5010">
     <span class='ocr_line' id='line_1_40' title="bbox 0 0 1472 5010; baseline 0 0"><span class='ocrx_word' id='word_1_355' title='bbox 0 0 1472 5010; x_wconf 95' lang='lat' dir='ltr'><strong> </strong></span> 
     </span>
    </p>
   </div>
  </div>
 </body>
</html>
