2932 5010
233 472 295 532 288
717 466 871 522 Aulularia.

233 661 334 735 codd.;
357 663 410 722 scd
432 681 485 720 nec
502 661 677 722 exclamatio
694 663 743 721 hic
765 663 863 721 locum
885 661 976 720 babet
994 681 1048 720 nse
1065 664 1260 740 comparatio.
1296 665 1361 724 suc

233 785 298 823 oum
316 765 409 824 Hario
431 762 545 838 „undc“
565 765 760 838 scribendum,
785 769 836 823 urat
859 783 924 823 cum
942 765 1094 842 plerisque
1111 765 1177 826 edd.
1197 762 1251 840 uc,
1276 767 1358 844 qnod

231 871 355 946 propius
377 891 395 926 a
417 868 503 928 codd.
523 869 627 928 abesse
649 868 776 926 videtur.
796 897 839 906 -
855 863 991 944 utrique,
1015 867 1051 927 cf.
1064 869 1149 948 Gapt.
1170 870 1243 941 397,
1267 889 1359 946 gene-

231 972 311 1030 tivus
330 991 392 1030 osse
405 971 533 1046 videtur,
557 992 584 1031 v.
597 971 680 1032 Pers.
693 971 769 1030 343:
796 972 845 1045 „in
858 971 973 1030 uentris
990 991 1052 1029 rem
1069 971 1254 1031 uidebitur“.
1288 973 1359 1030 Ter.

232 1074 302 1134 Hec.
324 1077 400 1134 102:
429 1077 477 1148 „in
499 1094 562 1133 rem
585 1081 630 1132 est
651 1071 837 1134 Bsoobidis“.
860 1075 938 1132 iufra
964 1075 1022 1132 147
1043 1075 1162 1153 aliaque
1180 1075 1304 1149 similia,
1328 1093 1359 1136 v.

232 1177 351 1252 Luchs,
370 1177 619 1254 GenctIvbildung
630 1177 683 1236 dor
699 1178 751 1236 let.
764 1176 943 1236 Pronomina
959 1199 989 1255 p.
1003 1180 1032 1236 8.
1045 1207 1088 1218 -
1107 1179 1175 1238 130.
1199 1195 1258 1253 me,
1276 1180 1361 1257 quod

231 1285 357 1359 propter
373 1300 492 1340 sensum
509 1281 614 1340 obesse
632 1301 690 1340 uon
707 1285 816 1358 potest,
840 1283 946 1340 iamin
965 1281 1031 1342 cod.
1050 1283 1064 1339 Ι
1082 1281 1213 1340 additur.
1233 1314 1277 1324 -
1298 1285 1356 1342 131

231 1389 266 1442 ut
282 1387 491 1443 tetrametrum
507 1385 647 1458 facerent,
671 1383 806 1461 Seyffert.
824 1390 952 1462 transp:
980 1385 1104 1458 ,haberi
1126 1383 1188 1458 id“,
1212 1385 1359 1464 Geppcrt.

231 1492 262 1546 et
279 1485 384 1564 ngn.
406 1507 520 1564 „nequo
538 1485 636 1547 metu“
662 1489 858 1566 scripserunt;
881 1486 933 1546 sed
950 1487 1034 1547 codd.
1048 1503 1108 1563 per
1123 1487 1250 1562 acram,
1275 1489 1361 1566 quod

232 1610 284 1648 our
305 1595 460 1663 mutemus,
484 1589 566 1650 nulla
581 1609 670 1650 causa
686 1595 740 1664 cst,
764 1592 827 1650 siue
845 1591 979 1668 neglecta
996 1591 1145 1668 positione
1162 1609 1219 1667 pro
1235 1595 1357 1650 tetram.

232 1693 332 1754 buccb.
350 1694 503 1768 habemus,
526 1694 589 1752 sive
607 1693 682 1752 elios
699 1713 836 1754 numeros
848 1697 1008 1772 sequimur.
1021 1723 1064 1734 -·
1080 1709 1223 1754 mussare
1234 1701 1267 1752 et
1278 1713 1358 1754 mus·

233 1799 324 1856 sitsre
347 1799 485 1876 antiquos
507 1796 627 1856 tsoendi
650 1796 865 1872 significatione
886 1799 1021 1874 posuisse
1044 1801 1174 1870 constet,
1210 1793 1241 1856 ν.
1263 1797 1357 1856 Mero.

233 1901 286 1959 51:
315 1921 466 1974 ,mussans
489 1901 628 1977 conloqui
652 1898 812 1960 abuuere“.
846 1900 911 1960 Cas.
936 1903 1014 1960 636:
1041 1907 1140 1975 ,metu
1162 1898 1356 1960 mussitant“.

232 2003 297 2062 Mil.
327 2005 403 2062 479:
442 2005 486 2077 ,si
514 2005 610 2082 sapis,
645 2003 844 2062 mussitabis“.
890 2003 997 2063 Pseud.
1028 2006 1104 2064 501:
1147 2003 1234 2076 „Non
1263 2024 1281 2060 s
1311 2023 1358 2060 ms

231 2106 327 2166 scibas
349 2108 507 2183 pistrinum
528 2109 560 2166 in
582 2107 692 2166 mundo
714 2105 780 2181 tibi,
803 2107 897 2179 Quom
920 2127 957 2166 ea
973 2101 1170 2168 muceiubcs?
1215 2104 1272 2166 ΡΒ,
1295 2104 1356 2166 Soi-

230 2209 307 2269 bam.
352 2209 396 2270 SI.
425 2209 485 2270 Gur
511 2229 570 2270 nou
600 2210 714 2270 dictum
742 2214 787 2268 est
809 2207 926 2268 mihi?“
972 2210 1090 2270 Trucul.
1117 2212 1192 2268 311:
1232 2209 1357 2284 ,Egone

231 2312 294 2372 baec
320 2311 515 2372 mussitem?“
565 2313 631 2372 vo.
655 2333 730 2373 com.
753 2313 833 2389 apud
856 2313 937 2372 Fest.
960 2335 990 2392 p.
1015 2315 1094 2374 298:
1131 2313 1230 2390 „quod
1257 2319 1357 2390 potes,

231 2415 302 2488 sile,
327 2414 919 2491 csls,ooou1ts,tsgs,tace,mussa“.
965 2416 1031 2476 Liv.
1054 2415 1196 2490 XXVIII,
1228 2417 1284 2489 40,
1321 2420 1356 2476 2:

235 2539 343 2595 ,quum
366 2522 456 2579 ceteri
478 2539 533 2597 per
554 2523 666 2578 metum
687 2524 741 2578 aut
763 2519 954 2578 ambitionem
977 2525 1153 2592 mussarent,
1185 2521 1221 2592 Q.
1242 2520 1356 2580 Fabius
1464 2529 1465 2582 i

230 2619 305 2680 etc.“
343 2622 463 2682 Sellust.
476 2622 552 2681 Hist.
570 2621 623 2695 III,
641 2623 679 2682 fr.
700 2625 749 2694 81,
771 2627 804 2684 8:
831 2643 1030 2702 ,quamquem
1045 2623 1081 2682 L.
1094 2623 1223 2683 Sicinius
1240 2625 1356 2701 primus

230 2724 266 2782 dc
294 2729 445 2818 potestate
472 2725 633 2785 tribunicio
660 2727 742 2802 loqui
769 2745 858 2787 susus
886 2726 1085 2786 mussantibus
1113 2726 1200 2786 vobis
1230 2728 1355 2786 circum-

230 2832 337 2886 ventus
360 2824 454 2888 erat“.
479 2855 515 2868 -··
544 2827 612 2888 132.
648 2823 732 2905 Quies
828 2831 864 2890 ut
884 2829 958 2889 ferri
981 2849 1040 2889 non
1062 2835 1172 2908 potest.
1218 2829 1356 2889 Fuerunt

229 2930 281 3008 qui
295 2927 366 3005 „ut“
381 2930 534 3006 delerent,
555 2931 608 2990 sed
629 2932 709 2992 unde
732 2939 830 2993 ortum
852 2935 900 3006 eit,
923 2953 1031 3010 parum
1053 2933 1242 3010 iutelligit-ur.
1277 2931 1355 2990 Mihi
1463 2965 1464 3034 ᾖ

228 3034 265 3093 ut
284 3029 388 3109 faciae
405 3035 482 3095 mule
501 3035 640 3096 additum·
651 3035 771 3094 videtur
793 3057 811 3096 a
832 3037 953 3110 lectore,
977 3037 1025 3096 cui
1040 3031 1234 3112 participem
1254 3033 1355 3094 adisc-
1463 3035 1464 3060 I

227 3141 323 3199 tivum
345 3139 506 3199 videretur.
546 3139 675 3199 Verbum
698 3139 822 3199 Plautus
845 3141 971 3198 voluisse
994 3139 1123 3212 videtur,
1146 3159 1173 3198 v.
1187 3139 1260 3198 cist.
1277 3139 1354 3197 162:

232 3249 406 3321 ,paternum
429 3261 546 3303 seruom
568 3245 614 3302 sui
636 3244 800 3321 participet
821 3239 957 3304 oonsili“.
1002 3243 1066 3301 Mil.
1091 3243 1167 3301 264:
1201 3241 1272 3314 ,ille
1294 3260 1355 3300 non

227 3350 297 3423 pots
326 3339 408 3423 qnin'
432 3365 566 3406 sermone
594 3365 648 3406 suo
679 3345 808 3423 aliquem
838 3346 1028 3404 familiarium
1056 3343 1289 3421 Partioipausrit
1315 3344 1355 3403 ds

229 3449 324 3506 amice
346 3446 442 3508 erili“.
499 3449 581 3508 Pers.
606 3452 683 3509 755:
722 3448 826 3522 ,Nunc
853 3448 891 3507 ob
915 3467 979 3506 eam
1002 3467 1065 3505 rem
1087 3447 1166 3506 inter
1187 3448 1354 3525 participes

227 3548 327 3608 didam
349 3550 490 3628 praedam
518 3557 549 3610 et
571 3550 788 3629 pmticipsbo“.
812 3581 855 3592 -··
881 3552 949 3610 133.
978 3549 1020 3612 Ut
1041 3554 1252 3609 tetrametrum
1280 3551 1353 3628 lugi·
1462 3593 1463 3598 η

226 3653 332 3710 timum
355 3653 477 3726 faceret,
500 3653 611 3712 Miller
633 3675 662 3730 p.
689 3655 762 3714 184:
793 3655 855 3728 ,Eo
877 3674 955 3714 nuno
979 3650 1060 3731 [ego]
1084 3657 1198 3712 secreto
1220 3653 1301 3712 foras
1322 3659 1353 3712 te

227 3755 284 3814 huo
311 3751 446 3814 seduxi“.
501 3755 549 3814 Ad
577 3755 702 3834 phrasin
731 3757 767 3816 cf.
791 3757 935 3836 Pompou.
964 3777 992 3816 v.
1025 3758 1098 3816 142:
1137 3755 1219 3834 „Ego
1249 3755 1354 3816 dedito

133 3907 135 3911 .
228 3877 321 3936 cpsra
342 3863 387 3930 tc,
423 3864 525 3935 pater,
559 3859 654 3918 solum
683 3861 762 3919 foras
785 3859 908 3934 Seduni,
943 3866 978 3919 ut
998 3879 1036 3918 ue
1059 3861 1126 3937 quis
1154 3864 1236 3918 esset
1263 3859 1351 3918 testis

227 3962 335 4020 tertius
359 3961 485 4020 Praeter
506 3957 590 4021 nos“.
603 3993 645 4004 -
660 3963 729 4022 134.
753 3962 795 4023 Ut
817 3969 887 4023 tetr.
905 3962 1006 4023 bacch.
1025 3969 1185 4035 constaret,
1208 3961 1351 4036 Wagner.

225 4086 280 4144 pro
309 4058 353 4127 Ut
371 4061 459 4138 „Uti“
478 4064 638 4125 scribebat.
661 4095 704 4106 *-
727 4067 813 4126 maen
827 4081 895 4126 rem
917 4061 1073 4144 loquerer,
1096 4067 1116 4124 i.
1134 4087 1160 4124 e.
1181 4065 1216 4123 tle
1231 4071 1285 4123 tus
1305 4083 1349 4137 re,
1461 4051 1462 4062 ¹

227 4168 263 4228 of.
276 4169 347 4227 764.
381 4168 463 4228 Men.
476 4170 554 4228 317:
581 4168 679 4242 ,Quas
700 4169 848 4242 mulieres,
872 4189 947 4246 quos
969 4175 1003 4228 tu
1020 4170 1169 4247 parasitos
1185 4164 1346 4244 loquers?“

227 4271 291 4331 Liv.
309 4270 343 4346 V,
365 4270 394 4347 5,
415 4273 442 4331 6.
464 4273 511 4345 54,
532 4275 558 4331 5.
576 4301 618 4312 -·-·
639 4273 815 4332 135—-142,
840 4271 900 4332 Hos
912 4291 1015 4331 versus
1033 4269 1123 4330 Weis.
1136 4273 1253 4349 spurios
1270 4268 1348 4328 iudi·

227 4375 313 4448 osuit,
336 4373 389 4434 sed
411 4395 465 4434 nec
488 4377 644 4434 sententis
667 4375 809 4436 aPIauto
832 4376 936 4435 aliene
958 4380 1079 4435 suntet
1101 4375 1206 4446 oratio,
1228 4373 1252 4432 si
1270 4371 1349 4430 vitis
1442 4403 1446 4412 ·
