2922 5006
83 495 268 564 1v,a,sr-sa
579 497 696 566 Captiui.

566 687 695 768 Hegio

79 790 232 858 Basilicas
257 791 435 860 edictiones
457 799 556 877 atque
579 795 762 879 inperiosas
784 793 893 860 habet.
1145 807 1195 864 aot

79 899 172 965 Satur
194 900 335 980 homost,
359 901 460 968 habet
482 901 630 986 prolecto
653 904 687 968 in
709 909 825 967 uentre
848 899 1087 968 confidentiam.

524 1009 742 1094 Ergasilus

77 1115 153 1181 Tum
175 1119 368 1202 piscatores,
391 1119 448 1202 qui
470 1119 631 1202 praebent
652 1117 774 1204 populo
798 1118 899 1202 piscis
921 1117 1073 1198 foetidos,

78 1221 135 1301 Qui
158 1224 370 1292 aduehuntur
392 1226 656 1312 quadrupedanti
678 1227 839 1292 crucianti
861 1225 1039 1306 cantherio,

78 1330 217 1409 Quorum
241 1335 321 1399 odos
344 1333 604 1400 subbasilicanos
628 1335 733 1400 omnis
756 1335 859 1418 abigit
880 1335 913 1400 in
935 1335 1051 1415 lorum,

76 1439 127 1505 Eis
149 1463 209 1525 ego
233 1463 292 1508 ora
313 1441 496 1508 uerberabo
520 1442 694 1527 surpiculis
716 1441 877 1526 piscariis,
1145 1461 1197 1515 sro

76 1547 116 1612 t't
137 1552 254 1630 sciant,
277 1550 384 1616 alieno
406 1573 488 1618 naso
512 1571 612 1635 quarn
634 1549 809 1616 exhibeant
832 1549 1024 1616 molestiam.
1095 1541 1099 1550 ’

75 1655 153 1722 Tum
175 1658 258 1724 lanii
280 1664 399 1738 autem,
423 1659 480 1742 qui
503 1660 700 1725 concinnant
721 1657 834 1724 liberis
858 1658 956 1724 orbas
980 1659 1060 1740 ouis,

77 1762 134 1841 Qui
154 1765 267 1832 locant
289 1766 475 1832 caedundos
497 1786 599 1850 agnos
623 1773 657 1832 et
678 1765 811 1832 dubiam
834 1767 987 1848 agninam
1010 1767 1144 1850 danunt,

76 1873 133 1951 Qui
156 1874 288 1958 petroni
309 1895 428 1940 nomen
450 1873 568 1940 indunt
589 1875 722 1940 uerucci
743 1876 895 1954 suetonio,

76 1981 155 2048 Eum
178 2003 240 2066 ego
263 1983 292 2047 si
313 1983 346 2047 in
368 1984 424 2048 uia
445 1987 616 2066 petronem
637 1982 770 2066 publica
792 2003 1002 2067 conspexero,
1144 2001 1196 2053 815

75 2089 114 2154 Et
135 2096 307 2174 petronem
330 2097 364 2156 et
385 2090 552 2156 dominum
573 2091 707 2156 reddam
731 2091 879 2156 mortalis
902 2093 1123 2157 miserrumos.

573 2197 703 2282 Hegio

76 2305 243 2392 Eugepae3
267 2305 446 2372 edictiones
468 2305 522 2370 hic
543 2307 676 2390 quidem
698 2305 869 2371 aedilicias
893 2304 1008 2386 babet;

75 2413 255 2498 llirumque
279 2414 401 2494 adeost,
424 2415 459 2479 ni
480 2413 566 2480 huno
587 2413 692 2479 fecere
716 2415 778 2480 sibi
802 2413 907 2478 Aetoli
931 2433 1173 2497 agoranomum.

527 2521 742 2606 Ergasilus

77 2631 145 2696 Non
167 2653 228 2708 ego
252 2650 340 2696 nuno
363 2631 527 2714 parasitus
549 2651 631 2710 sum,
654 2630 712 2696 sod
734 2651 846 2713 regum
869 2651 927 2694 rex
948 2631 1105 2713 regalior;

77 2739 196 2805 Tantus
219 2738 329 2804 uentri
352 2745 541 2804 conmeatus
563 2759 635 2804 meo
659 2738 755 2804 adest
776 2739 810 2802 in
832 2745 930 2821 portu
953 2738 1054 2803 cibus.
1147 2755 1199 2807 820

38 2881 46 2902 ·
78 2845 136 2912 Sed
159 2867 219 2929 ego
244 2867 337 2912 cesso
360 2845 448 2911 hunc
470 2846 650 2930 Hegionem
674 2866 810 2912 onerare
832 2845 961 2911 laetitia
984 2866 1103 2910 senem.

77 2953 134 3033 Qui
156 2955 289 3040 homine
312 2953 472 3018 boninum
494 2953 642 3038 adaeque
665 2976 759 3021 nemo
783 2955 868 3019 uiuit
889 2953 1096 3020 fortunatior.

572 3061 698 3146 Hegio

77 3167 162 3247 Quae
185 3171 285 3236 illaec
308 3155 359 3236 est
381 3170 519 3252 laetitia,
542 3189 641 3254 quam
664 3171 732 3234 iHic
754 3171 862 3236 laetus
883 3169 1023 3252 largitur
1045 3169 1145 3233 mihil

530 3277 746 3360 Ergasilus

76 3385 169 3468 Heus,
193 3387 252 3454 ubi
275 3387 374 3454 estis?
403 3387 516 3470 coquis
538 3386 587 3450 la'c
609 3385 683 3452 est?
712 3387 818 3466 ecquis
840 3385 903 3450 hoc
926 3383 1034 3468 aperit
1056 3383 1197 3449 ostium?

576 3495 704 3577 Hegio

76 3603 133 3670 Hic
154 3605 254 3671 homo
278 3603 321 3669 ad
345 3622 459 3668 cenam
481 3603 600 3687 recipit
623 3623 658 3668 se
681 3601 724 3667 ad
746 3622 807 3668 me.
858 3637 860 3639 ·

528 3709 745 3794 Ergasilus

622 3819 756 3902 Aperite
777 3817 877 3883 hasce
900 3815 1014 3882 ambas
1037 3815 1125 3896 loris,
1144 3831 1195 3885 825

76 3924 166 3993 Prius
189 3947 288 4011 quam
311 3924 472 4010 pultando
495 3925 668 3992 assulatim
690 3925 815 3992 loribus
838 3926 972 3991 exitium
995 3923 1116 3990 adfero.

140 4205 191 4260 809
209 4203 305 4274 abegit
377 4205 427 4258 818
446 4203 589 4257 cedundos
608 4221 643 4257 an
662 4219 732 4272 gnos
752 4209 780 4257 et
798 4203 913 4274 duplam
986 4203 1037 4255 817
1056 4199 1197 4256 aedilicias

77 4285 119 4342 hic
137 4289 250 4358 quidem
326 4291 377 4344 822
394 4289 540 4342 hominum
558 4302 608 4342 om.
693 4291 744 4344 824
762 4289 807 4343 hic
826 4289 889 4344 est?
909 4287 1003 4357 ecquis
1022 4301 1072 4341 om.
1147 4285 1199 4340 828

78 4373 210 4440 pultando
229 4375 275 4431 uel
292 4375 449 4430 assultatim
510 4437 514 4444 ,
