2928 5010
91 530 243 598 laet-ao
584 529 700 601 Captiui.

573 719 700 804 Hegio

89 827 229 913 Ergasile,
254 827 356 895 salue.

533 935 746 1019 Ergasilus

402 1043 499 1110 Dite
522 1043 605 1110 bene
628 1050 746 1126 ament,
769 1043 882 1129 Hegio.

575 1152 703 1237 Hegio

88 1263 128 1327 Ne
148 1261 197 1328 fle.

532 1369 748 1451 Ergasilus

248 1477 361 1560 Egone
384 1475 476 1542 illum
498 1498 563 1544 non
585 1475 702 1543 fleam?
726 1496 786 1560 ego
809 1497 875 1544 non
898 1472 1036 1544 defleam

87 1585 188 1652 Talem
210 1585 479 1653 adulescentem?

579 1690 705 1774 Hegio

537 1801 672 1886 Semper
694 1803 781 1867 sensi
801 1799 868 1868 filio

86 1909 151 1976 lleo
174 1919 205 1978 te
228 1931 301 1978 esse
324 1911 465 1978 amioum
487 1917 521 1978 et
542 1910 633 1976 illum
655 1908 802 1976 intellexi
824 1907 894 1976 tibi.

533 2019 749 2102 Ergasilus

86 2127 160 2192 Tum
181 2127 321 2214 denique
344 2126 491 2192 homines
514 2133 630 2194 nostra
651 2125 872 2209 intellegimus
895 2124 991 2215 bona,

86 2234 190 2317 Quom,
212 2257 299 2319 quae
321 2235 354 2300 in
376 2241 544 2320 potestate
567 2235 751 2314 habuimus,
775 2254 816 2300 ea
838 2233 1015 2298 amisimus.

85 2344 158 2427 Ego,
179 2351 353 2430 postquam
374 2349 495 2428 gnatus
517 2349 593 2408 tuus
616 2343 757 2428 potitust
778 2340 931 2420 hostium,

85 2453 249 2538 Expertus,
272 2452 387 2535 quanti
409 2450 519 2532 fuerit,
543 2473 630 2518 nune
653 2449 815 2516 desidero.

578 2561 706 2642 Hegio

86 2669 213 2736 Alienus
237 2690 337 2755 quom
360 2669 430 2736 eius
453 2668 697 2736 incommodum
719 2674 789 2734 tam
811 2687 908 2751 aegre
930 2663 1028 2747 ieras,

87 2775 167 2853 Quid
188 2799 238 2844 me
260 2784 389 2864 patrem
412 2797 473 2862 par
495 2777 645 2857 faeerest,
669 2777 747 2862 quoi
769 2775 858 2842 illest
881 2775 1019 2842 unicus?

529 2884 750 2968 Ergasilus

84 2993 210 3059 Alienus
233 2996 315 3080 ego?
349 2993 477 3061 alienus
500 2993 571 3060 illi?
605 2993 657 3074 ah,
679 2991 792 3077 Hegi0,

86 3098 263 3188 Numquam
285 3103 372 3169 istuo
394 3101 479 3168 dixis
501 3123 606 3187 neque
630 3104 775 3166 animum
798 3099 929 3165 induxis
952 3105 1054 3165 tuum.
1088 3126 1092 3134 ·

86 3207 154 3275 Tibi
174 3211 228 3278 ille
250 3212 394 3292 unicust,
416 3210 496 3277 mihi
519 3212 618 3278 etiam
642 3211 739 3276 unieo
762 3209 865 3293 magis
888 3208 1015 3273 unicus.
1154 3223 1203 3278 150

578 3317 706 3402 Hegio

87 3423 200 3508 Laudo,
223 3427 345 3496 malum
368 3448 467 3511 quom
490 3427 586 3494 amiel
608 3435 700 3492 tuum
724 3424 816 3492 ducis
839 3424 970 3490 malum.

86 3531 173 3602 Nunc
194 3536 279 3604 habe
302 3535 424 3603 bonum
447 3536 599 3602 animum.

536 3642 750 3728 Ergasilus

646 3749 753 3816 Eheu!

580 3861 708 3942 Hegio

606 4047 608 4052 Ι
801 3965 885 4032 Huio
908 3963 990 4031 illud
1013 3963 1112 4046 dolet,

88 4074 164 4152 Quia
184 4100 271 4146 nune
292 4079 450 4145 remissus
474 4085 523 4144 est
546 4075 667 4144 edundi
691 4077 864 4142 exereitus.

151 4334 196 4388 1se
212 4333 290 4403 Ergo
309 4333 360 4390 sile
419 4335 467 4388 139
484 4331 568 4402 Egon
584 4350 619 4386 ne
638 4331 718 4386 illum
736 4349 795 4388 uon
812 4329 915 4386 fleam?
935 4345 1024 4399 egone
1042 4345 1100 4385 non
1154 4333 1202 4388 145

90 4413 202 4488 Cumque
273 4421 323 4474 144
340 4420 444 4474 ostium
521 4419 569 4473 145
587 4417 690 4474 luerint
762 4419 811 4472 148
828 4417 877 4472 ille
