2932 5010
281 502 346 564 368
766 495 927 552 bacchides.

283 699 319 752 ut
351 692 425 750 hanc
454 693 611 770 pecuniam
640 690 713 750 hero
736 711 789 750 suo
818 697 984 768 comparet,
1018 690 1165 750 Nicobulo
1199 692 1262 748 seni
1292 697 1383 760 narrat,

283 795 378 853 filiurn
403 796 467 854 eius
484 813 606 870 parvam
624 793 755 872 aliquam
777 796 910 870 pecunia
933 799 1049 869 partem
1072 811 1169 852 secum
1186 793 1272 865 ferre,
1289 793 1384 868 reliqua

283 897 395 974 Ephesi
414 897 583 974 relinquere
605 901 740 954 coactum
763 915 850 966 esse„
880 894 1003 954 Interim
1021 894 1122 971 Lydus
1140 894 1315 972 paedagogus
1330 895 1384 953 Phi·

284 1002 391 1058 loxeno
411 999 567 1058 Pistocleri
589 999 670 1075 patri
694 997 808 1056 indicat
828 997 922 1056 filium
945 999 1008 1055 eius
1026 996 1205 1056 Bacchidem
1222 1001 1386 1056 meretricem

283 1101 402 1179 perdite
426 1119 535 1160 amare.
571 1097 656 1172 Quod
679 1099 731 1158 ubi
754 1121 823 1159 casu
845 1100 930 1160 audit
945 1099 1157 1172 Mnesilochus,
1182 1120 1264 1158 suam
1285 1100 1385 1159 Bacchi·

284 1205 351 1262 dem
373 1203 571 1262 Pistoclerum
601 1221 699 1260 amare
722 1201 859 1274 credens,
894 1207 925 1260 et
947 1203 1034 1260 amici
1062 1207 1093 1260 et
1121 1203 1222 1260 amica
1250 1201 1385 1280 perfidiam

283 1308 417 1382 graviter
440 1305 575 1381 culpans,
610 1325 700 1382 quum
727 1303 803 1361 nihil
829 1305 888 1362 iem
916 1323 989 1381 opus
1018 1323 1082 1362 esse
1104 1309 1192 1381 putet
1215 1323 1251 1362 ea
1271 1305 1385 1382 pecunia,

284 1428 372 1485 quam
402 1427 503 1466 servus
532 1410 732 1484 comparavit,
765 1411 859 1464 totam
888 1425 1030 1464 summam
1062 1407 1143 1484 patri
1170 1406 1278 1465 reddit.
1320 1407 1385 1476 Mox,
1446 1457 1447 1482 ἶ

283 1517 442 1588 postquam
474 1511 571 1586 ipsum
601 1509 795 1567 Pistoclerum
825 1510 978 1582 convenit,
1014 1509 1135 1566 meliora
1169 1509 1305 1582 edoctus,
1335 1529 1387 1566 sera
1446 1493 1447 1548 Ὗ

282 1614 457 1692 penitentia
480 1612 639 1670 stultitiam
667 1631 749 1670 suam
774 1615 900 1669 accusat.
957 1609 1114 1686 Chrysalus
1143 1617 1241 1670 antem
1270 1631 1300 1670 re
1325 1631 1387 1669 oom-

282 1721 369 1792 perta
391 1717 476 1774 novis
498 1715 615 1774 insidiis
637 1715 745 1772 iterum
768 1713 891 1772 eandem
915 1718 1004 1790 atquc
1022 1712 1096 1771 adeo
1114 1715 1257 1774 maiorem
1274 1715 1387 1792 pecnnia

282 1837 425 1876 summam
448 1818 510 1876 seni
534 1820 651 1894 eripere
674 1819 808 1876 conatur.
853 1815 1068 1873 Mnesilochum
1090 1815 1176 1874 iubet
1197 1819 1276 1893 patri
1294 1818 1386 1892 episto·

286 1921 345 1979 lam
368 1920 513 1993 scribere,
549 1939 609 1995 qua
637 1939 667 1977 se
697 1923 814 1976 accuset
845 1919 930 1994 quasi
958 1937 1031 1976 auro
1060 1917 1178 1976 reddito
1201 1920 1307 1978 iratum
1326 1937 1388 1975 sem·

283 2043 396 2102 perque
425 2042 501 2081 nova
532 2021 657 2081 consilia
690 2026 869 2091 struentem,
903 2019 1011 2096 quibus
1045 2040 1144 2078 senem
1178 2021 1388 2089 circumveniam

284 2147 376 2203 quare
393 2127 526 2184 vinctum
546 2143 612 2182 eum
630 2124 728 2182 teneri
745 2128 896 2200 oportere.
930 2122 994 2194 Qua
1012 2123 1138 2199 epistola
1155 2122 1299 2181 adductus
1312 2141 1387 2197 qnam

283 2227 449 2287 Nicobulus
478 2226 652 2302 Chrysalum
674 2226 788 2284 vincire
815 2230 845 2282 et
872 2225 978 2302 punire
1008 2226 1215 2302 aggredietur,
1246 2223 1388 2299 Chrysalus

282 2331 472 2408 impudenter
503 2328 646 2401 affirmat,
681 2327 746 2385 fore
774 2333 807 2384 ut
837 2327 920 2384 brevi
954 2346 1019 2386 eum
1054 2329 1199 2404 paeniteat
1227 2333 1270 2400 et,
1304 2345 1388 2404 quum,

281 2435 378 2510 qualis
400 2431 479 2491 filius
504 2451 574 2490 suus
596 2451 628 2488 re
651 2451 722 2488 vera
744 2431 792 2503 sit,
816 2430 1018 2506 perspexerit,
1047 2431 1145 2506 magni
1169 2449 1236 2488 eum
1258 2429 1388 2487 facturum

281 2555 355 2608 esse,
379 2537 404 2593 si
427 2535 496 2592 data
517 2535 642 2612 pecnnia
663 2531 757 2590 filium
774 2533 858 2606 gravi
875 2532 1007 2608 periculo
1025 2533 1152 2590 eximere
1168 2535 1273 2609 possit.
1305 2533 1388 2607 Atque

281 2639 395 2714 apertis
425 2636 540 2696 foribus
568 2643 654 2714 pater
683 2633 776 2693 filiurn
807 2653 872 2692 cum
900 2635 1056 2692 meretrice
1091 2635 1284 2694 accubantem
1310 2633 1388 2691 ridet.

282 2739 442 2815 Chrysalus
464 2745 562 2798 autem
585 2759 645 2797 non
667 2737 862 2810 meretricem,
892 2735 945 2794 sed
967 2756 1089 2795 uxorem
1112 2737 1281 2796 Cleomachi
1301 2737 1389 2794 militis

281 2861 346 2900 esse
368 2847 485 2914 narrat,
510 2847 540 2900 et
561 2847 731 2919 opportune
752 2842 816 2918 ipse
838 2840 923 2898 miles
946 2839 1067 2898 advenit
1089 2839 1247 2898 maledicta
1269 2843 1299 2898 in
1321 2839 1388 2897 bine

274 2944 426 3004 ,silochum
448 2946 595 3019 ingerens.
640 2943 745 3020 Itaque
768 2942 930 3001 Nicobulus
954 2941 1127 3018 Chrysalum
1149 2943 1277 3001 vinculis
1298 2942 1388 3010 solon

281 3049 307 3106 is
326 3052 424 3106 antem
444 3067 462 3104 a
477 3045 653 3105 Cleomacho
681 3047 766 3123 quasi
782 3046 882 3122 magni
903 3044 1017 3120 aliquid
1038 3046 1189 3122 impetrat,
1212 3052 1247 3104 ut
1270 3045 1389 3104 ducentis

282 3148 431 3228 Philippis
459 3150 589 3225 acceptis
618 3147 655 3206 ab
684 3143 793 3206 iniuria
821 3145 992 3206 ulciscenda
1021 3146 1155 3206 desistat.
1212 3146 1272 3207 Nec
1295 3145 1389 3224 duplici

281 3252 435 3328 triumpho
469 3255 626 3310 contentus
655 3249 814 3326 Chrysalus
842 3250 962 3307 tertium
990 3248 1087 3323 addit,
1121 3269 1259 3328 neroque
1286 3251 1388 3308 nomine

269 3355 393 3412 alteros
416 3353 562 3412 ducentos
585 3353 740 3430 Philippos
763 3353 826 3409 seni
850 3352 964 3424 aufert,
999 3354 1085 3429 quasi
1107 3352 1308 3412 Mnesilochus
1329 3352 1389 3410 hane

281 3475 426 3514 summam
448 3455 567 3514 mulieri
590 3456 706 3513 iuratus
728 3455 909 3532 promiserit.
972 3454 1102 3514 Tandem
1126 3459 1205 3514 omni
1228 3475 1260 3514 re
1291 3457 1388 3514 detecta

281 3558 445 3616 Nicobulus
474 3565 504 3616 st
532 3577 591 3616 nna
619 3577 684 3616 cum
714 3577 748 3615 eo
775 3555 970 3630 Philoxenus,
1001 3562 1036 3616 ut
1063 3557 1140 3616 filios
1168 3579 1186 3616 a
1208 3557 1388 3618 Bacchidibus

282 3660 466 3734 abstrahant,
490 3662 520 3718 in
544 3679 644 3718 earnm
667 3658 745 3718 sedes
764 3661 949 3736 irrumpunt;
973 3659 1025 3718 sed
1048 3661 1219 3719 meretrices
1242 3661 1387 3719 levissimos

282 3781 367 3820 senes
396 3763 525 3838 primum
553 3763 698 3836 illudunt,
729 3761 837 3820 deinde
859 3763 920 3821 suis
943 3761 1058 3820 artibus
1080 3764 1124 3820 ite
1145 3761 1289 3836 illiciunt,
1318 3768 1348 3818 ut
1366 3767 1387 3815 sl

281 3865 339 3942 ipsi
369 3862 498 3922 filiorum
526 3865 661 3941 exemplo
692 3883 758 3922 cum
785 3864 991 3923 meretricibus
1026 3863 1203 3923 accumbant
1231 3871 1261 3921 et
1280 3845 1386 3940 'potent

281 3969 328 4026 Ita
346 3987 402 4045 pro
418 3969 504 4042 gravi
522 3968 654 4025 convicio
671 3967 832 4026 bacchanal
850 3969 992 4044 sequitur,
1012 3968 1137 4044 ipsique,
1161 3971 1196 4026 ut
1214 3968 1256 4025 ait
1273 3965 1386 4031 Bacchis,

270 4073 333 4146 *qui
356 4069 433 4128 filios
456 4087 561 4146 capere
582 4069 732 4142 volebant,
756 4072 923 4146 capiuntur.

367 4173 402 4230 In
426 4177 601 4249 argumento
629 4173 779 4250 turpiculo
809 4193 920 4231 summa
949 4172 1084 4230 hilaritas
1112 4177 1142 4230 et
1170 4171 1318 4230 festivitas
1345 4175 1386 4230 est

282 4293 337 4332 nee
375 4276 487 4332 iniuria
520 4274 583 4332 haec
616 4274 719 4332 fabula
752 4278 902 4352 egregium
938 4275 1069 4333 Plautini
1110 4275 1223 4352 leporis
1255 4271 1387 4348 exemplar

270 4375 418 4435 habetur.
451 4376 497 4434 Ex
509 4375 677 4435 Menandro
690 4380 755 4452 ipso
774 4395 941 4454 expressam
955 4397 1017 4434 esse
1029 4375 1207 4435 Ritsehelius
1219 4375 1384 4439 monstrarit,
