2928 5010
810 493 904 548 Plauti
1188 492 1397 562 naum-eu

758 683 973 769 Tyndarus

655 792 695 856 Di
718 791 780 858 tibi
803 813 914 858 omues
938 795 1047 858 omnia
1069 799 1225 878 optatae
1256 799 1348 870 erunt„

297 899 402 979 Quom
437 921 488 966 me
523 906 616 966 tento
649 899 772 966 honore
805 899 963 968 honestae
996 922 1163 986 quomque
1196 921 1237 966 ex
1269 899 1370 966 uiuclie

1015 1009 1139 1074 eximie.
1220 993 1225 1004 ⁸
1360 1023 1397 1077 3⁶5

296 1115 368 1182 Hoc
386 1115 519 1200 quidem
538 1115 627 1182 haud
643 1117 863 1198 molestumet,
880 1119 945 1183 iam
962 1117 1050 1202 quod
1068 1117 1172 1184 collus
1190 1116 1303 1182 collari
1320 1121 1397 1180 caret.

796 1249 927 1332 Hegio

298 1353 394 1432 Quod
415 1355 511 1421 bonis
534 1354 657 1420 benefit
679 1355 883 1435 beneficium,
907 1357 1014 1439 'gratia
1037 1376 1077 1423 ee
1099 1355 1270 1438 greuideet
1289 1355 1378 1420 bonis.

295 1462 393 1530 Nune
415 1471 452 1528 tu
474 1463 568 1528 illum
591 1465 619 1529 ei
640 1453 700 1530 illo
722 1485 757 1530 ee
779 1466 951 1543 missurus,
974 1464 1055 1544 dice,
1078 1473 1235 1544 monstra,
1258 1463 1399 1548 praecipe,

298 1569 390 1649 Quae
414 1571 456 1638 ed
478 1579 608 1655 patrem
631 1574 683 1638 uis
705 1573 859 1638 nuntiari.
904 1571 967 1637 Uin
988 1593 1103 1638 uoeem
1126 1571 1189 1638 hue
1211 1573 1254 1638 ad
1270 1572 1328 1636 ue?

755 1703 964 1789 Tyndarus

1268 1809 1358 1876 Uoca.
1371 1843 1403 1852 -

798 1919 922 2004 Hegio

297 2025 388 2104 Quae
410 2049 463 2093 ree
486 2027 570 2094 bene
592 2033 706 2094 uertet
726 2027 807 2093 mihi
829 2049 967 2112 meoque
984 2027 1057 2094 ¹filio
1364 2041 1403 2094 360

296 2129 475 2222 Uobisque,
498 2135 570 2202 u'olt
593 2143 626 2202 te
648 2157 752 2202 nouos
776 2157 851 2203 erus
875 2157 1008 2221 operum
1031 2135 1108 2202 dare
1462 2179 1463 2216 i

295 2243 366 2310 Tuo
389 2245 495 2310 ueteri
518 2243 658 2326 domino,
682 2243 771 2329 quod
793 2245 820 2310 ie
842 2245 933 2325 uelit,
955 2243 1107 2310 fideliter.
1462 2223 1463 2238 ¹

295 2351 380 2417 Nam
403 2373 463 2436 ego
485 2357 519 2418 te
542 2360 762 2420 aestumatum
784 2353 861 2418 huic
883 2353 960 2419 dedi
980 2353 1098 2435 uiginti
1120 2352 1226 2430 minis,

295 2459 359 2526 Hie
381 2467 492 2526 eutem
515 2467 548 2526 te
571 2461 619 2527 eit
640 2462 771 2528 mittere
793 2461 870 2526 hine
892 2461 978 2527 uelle
1001 2461 1044 2527 ed
1068 2467 1203 2545 petrem,

295 2565 406 2633 Meum
428 2576 466 2634 ut
488 2569 556 2633 illic
577 2565 717 2634 redimat
738 2567 853 2649 filium,
877 2571 1016 2636 mutatio
1366 2579 1405 2633 365

296 2675 387 2742 Inter
408 2697 459 2741 me
482 2683 584 2762 etque
606 2676 699 2742 illum
722 2683 759 2742 ut
780 2679 903 2743 nostrie
925 2677 985 2744 fiat
1006 2677 1090 2742 filiis.

727 2807 994 2874 Philocrates

297 2913 577 3000 Utroqueuoreum
599 2923 758 2983 rectumst
779 2917 943 3001 ingenium
965 2938 1083 2996 meum,

296 3021 348 3088 Ad
369 3029 403 3088 te
426 3031 526 3109 atque
549 3025 593 3090 ad
613 3023 722 3105 illum;
744 3047 804 3108 pro
826 3031 902 3091 rota
923 3047 975 3091 me
998 3027 1048 3090 uti
1071 3025 1163 3104 lieet3

296 3129 357 3196 Uel
379 3152 439 3216 ego
461 3131 527 3198 hue
549 3131 603 3198 uel
626 3131 705 3197 illue
727 3139 852 3216 uortur,
876 3155 943 3218 quo
966 3131 1169 3216 imperabitis.

795 3264 851 3330 He
885 3266 923 3330 io

295 3370 379 3436 Tute
400 3370 462 3436 tibi
484 3392 525 3438 eu
546 3377 664 3458 tuopte
686 3373 818 3457 ingenio
840 3285 960 3458 piodes
982 3373 1179 3458 plummum,
1368 3378 1411 3433 3⁷0

296 3475 402 3556 Quom
425 3479 623 3546 seruitutem
644 3481 692 3547 itu
713 3479 789 3562 fere,
811 3483 860 3547 uti
881 3480 961 3548 ferri
984 3482 1089 3547 decet.

297 3584 449 3671 Sequere.
472 3622 516 3634 -
538 3587 599 3654 Em
621 3588 683 3654 eibi
705 3587 880 3656 hominem.

756 3713 967 3799 Tyndarus

865 3822 1015 3890 Gratiam
1036 3821 1143 3888 habeo
1160 3821 1237 3904 eibi,

296 3927 401 4006 Quom
424 3930 553 4014 copiam
575 3931 675 3998 istem
696 3931 777 3997 mihi
800 3937 833 3997 et
856 3937 1055 4016 potestatem
1076 3928 1169 4012 facis,

364 4209 415 4264 354
436 4207 528 4264 ferent
588 4210 638 4264 356
656 4209 776 4266 eollerie
835 4212 887 4264 358
905 4210 987 4266 Hune
1005 4215 1038 4266 tu
1055 4209 1126 4264 illim
1184 4209 1246 4266 diue
1262 4207 1412 4266 demonstra

295 4296 347 4350 eeu
362 4295 580 4364 maiorem
602 4293 716 4350 mutuo
741 4293 870 4350 suum
911 4295 1165 4352 eumocmuue
1187 4281 1411 4352 mouescENfi

296 4377 493 4436 TYNDARUS
513 4378 656 4452 SERUUS
709 4381 862 4450 meaeque
881 4381 959 4436 illum
