2916 5006
258 537 321 598 406
740 531 900 588 Bacchides.

259 727 317 786 erit
338 728 369 786 in
394 726 479 798 ludo,
503 731 654 803 tamquam
676 727 918 804 hypodidascalo,
943 725 1108 806 proxima‘'.
1144 730 1180 788 cl.
1197 730 1383 807 Marquardt.

259 828 481 888 Privatalterth.
500 827 538 900 II,
561 849 591 906 p.
611 829 682 889 316.
700 860 743 870 -
766 833 838 890 430.
861 831 896 889 In
918 832 1067 908 principio
1090 851 1195 890 versus
1218 833 1385 891 coniunctio

262 929 332 1006 ,ac“
359 931 556 1004 desideratur,
580 937 614 990 ut
636 931 708 990 alibi
733 927 835 1006 „sed“,
859 951 886 990 v.
912 932 949 992 ad
967 933 1074 1008 Amph.
1097 935 1169 993 350.
1204 934 1386 993 Bitschelius

258 1034 412 1094 licentius:
440 1033 503 1106 ,Ibi
521 1033 628 1092 librum
647 1053 736 1111 quom
747 1031 893 1111 legeres“.
907 1063 948 1075 -
964 1033 1036 1093 Post
1055 1031 1085 1094 84
1103 1035 1212 1096 hiatus.
1247 1036 1385 1095 Mller:

262 1136 370 1211 „modo
397 1135 439 1194 si‘·
473 1141 525 1195 aut
551 1136 657 1208 „modo
685 1132 804 1196 unem“.
850 1135 895 1195 Fl.
919 1137 1080 1214 Bergkium
1109 1146 1246 1198 secutus:
1284 1142 1327 1212 ,ai
1356 1141 1388 1197 in

258 1259 319 1300 una
340 1239 526 1316 peccavisses
549 1235 692 1314 syllaba“.
728 1237 786 1298 Sed
806 1238 879 1298 illud
897 1245 977 1298 recte
996 1239 1120 1313 dicitur;
1144 1240 1263 1300 Mtiller.
1283 1241 1387 1300 attulit

259 1341 359 1419 Priap.
385 1345 412 1412 7,
439 1340 471 1399 l:
499 1340 590 1414 „Cum
613 1341 726 1418 loquor,
750 1363 810 1400 una
832 1341 905 1400 mihi
927 1348 1068 1418 peccatur
1090 1339 1223 1401 littera“.
1247 1372 1291 1382 —
1311 1345 1387 1402 431.

259 1443 405 1502 Lambino
417 1445 448 1500 in
460 1450 589 1502 mentem
600 1446 682 1504 venit
693 1444 796 1504 Iliadis
807 1445 859 1517 IX,
874 1446 935 1504 490
948 1464 1007 1521 sq.:
1032 1447 1146 1502 πολλάκι
1162 1469 1209 1520 μοι
1226 1447 1389 1510 κατέδευσας

260 1547 306 1603 ἐπὶ
335 1548 471 1616 στήθεσσι
498 1549 599 1618 χιτῶνα
627 1551 701 1605 οἴνου
730 1547 888 1622 ἀποβλύζων
916 1552 943 1603 ἐν
971 1551 1065 1622 νηπιέῃ
1092 1548 1220 1625 dlayst'vp.
1244 1577 1285 1589 —
1314 1551 1388 1608 434.

260 1644 403 1725 equidem
425 1664 487 1727 690,
511 1649 571 1708 vid.
596 1649 634 1708 ad
651 1650 758 1726 Amph.
777 1651 849 1710 757.
874 1679 911 1689 -
937 1651 1008 1708 435.
1039 1645 1178 1726 capiebat
1199 1651 1245 1710 ed.
1270 1671 1316 1728 pr.
1339 1651 1388 1710 Ex

259 1753 408 1810 communi
431 1753 579 1810 sententia
602 1752 725 1811 auditur
746 1751 910 1810 subiectum
937 1750 1059 1830 „puer“,
1089 1753 1169 1828 quod
1192 1753 1288 1812 multo
1320 1763 1388 1832 post

259 1856 410 1930 sequitur,
444 1874 471 1914 v.
502 1855 573 1915 438.
628 1854 766 1914 Oeterum
798 1861 916 1913 constat
949 1855 1029 1932 apud
1063 1857 1201 1932 antiquos
1235 1855 1387 1916 Romanos

259 1963 328 2016 ante
350 1957 471 2016 Villiam
493 1957 590 2032 legem
612 1957 704 2016 latam
728 1955 767 2032 (a.
789 1959 847 2016 180
871 1977 888 2014 a
906 1956 974 2016 Chr.
995 1953 1038 2034 n.)
1062 1961 1142 2017 viros
1164 1963 1280 2018 virtute
1304 1979 1388 2036 egre-

259 2062 324 2135 gios
357 2059 507 2118 interdum
541 2059 697 2118 admodum
731 2061 852 2118 iuvenes
888 2061 1081 2136 magistratus
1111 2065 1252 2134 gessisse,
1287 2069 1324 2122 nt
1346 2063 1387 2122 M.

260 2161 395 2221 Valerius
413 2161 525 2222 Corvus
548 2183 573 2221 a.
595 2163 654 2222 348
678 2169 740 2220 tres
763 2167 793 2220 et
814 2165 922 2239 viginti
946 2182 1038 2220 annos
1062 2169 1151 2222 natus
1170 2165 1274 2222 consul
1290 2165 1388 2224 factam

261 2271 306 2324 est
329 2262 408 2338 (Liv.
432 2264 497 2340 VII,
522 2267 570 2336 26,
598 2263 666 2337 12);
689 2265 787 2342 Scipio
809 2265 968 2324 Africanus
991 2269 1059 2322 ante
1082 2267 1255 2325 vicesimum
1278 2289 1387 2326 annum

261 2366 356 2426 aedilis
379 2367 493 2444 (Polyb.
506 2367 544 2441 X,
563 2365 603 2437 4).
648 2367 691 2427 cf.
716 2368 775 2428 cic.
799 2367 906 2445 Philip.
927 2367 961 2440 V,
986 2367 1032 2440 17,
1053 2367 1111 2426 48;
1137 2369 1198 2442 „At
1216 2389 1288 2428 vero
1307 2370 1387 2448 apud

261 2473 401 2546 antiquos
423 2469 518 2542 Rulli,
553 2469 650 2542 Decii,
686 2470 806 2531 Corvini
828 2472 974 2548 multique
998 2471 1063 2542 alii,
1098 2474 1265 2530 recentiore
1288 2479 1387 2532 autem

135 2599 147 2627 s
259 2576 402 2631 memoria
434 2575 570 2650 superior
602 2573 773 2646 Africanus,
808 2573 841 2632 T.
871 2572 1054 2632 Flamininus
1090 2573 1250 2632 admodum
1285 2575 1387 2634 adnle-
1446 2629 1447 2638 ,

259 2681 374 2734 scentes
402 2675 535 2734 eonsules
565 2673 668 2735 facti“.
718 2674 809 2734 Plura
831 2675 963 2746 Becker,
995 2675 1099 2750 Antiq.
1130 2673 1216 2734 Rom.
1239 2677 1278 2750 Π,
1304 2680 1335 2751 2,
1358 2698 1386 2754 p.

263 2780 300 2836 15
325 2797 390 2854 sqq.
413 2807 455 2816 —
484 2779 556 2836 437.
584 2773 773 2853 septumum.
809 2776 940 2854 Septimo
965 2795 1042 2834 anno
1059 2777 1179 2835 litteras
1203 2778 1323 2838 discere
1345 2783 1387 2838 in-

260 2879 419 2956 cipiebant,
442 2900 470 2938 r.
489 2879 582 2938 Mero.
603 2883 663 2940 288
681 2887 711 2938 et
728 2881 806 2939 298:
834 2877 930 2951 ,Puer
952 2899 1017 2937 sum
1040 2883 1214 2956 septuennis
1227 2926 1234 2938 .
1248 2927 1255 2940 .
1270 2927 1277 2941 .
1290 2881 1387 2942 Hodie

259 2984 304 3040 ire
328 2983 430 3059 occepi
458 2985 490 3040 in
518 2983 620 3040 ludum
649 2980 861 3041 litterarium“.
891 2982 927 3041 cf.
952 2981 1075 3053 Quintil.
1099 2981 1127 3054 1,
1155 2985 1185 3056 l,
1215 2986 1262 3042 15.
1309 2985 1387 3044 Plat.

260 3085 384 3144 Axioch.
410 3087 470 3144 366
493 3083 538 3158 F,
568 3103 746 3162 quamquam
776 3086 911 3158 suerunt,
947 3087 998 3160 qui
1029 3085 1173 3143 maturius
1208 3087 1387 3164 inciperent.

260 3187 363 3264 Lydus
393 3193 508 3259 autem,
540 3193 574 3246 ut
596 3188 685 3260 solet,
715 3207 777 3246 rem
805 3195 973 3262 exaggerat.
998 3215 1040 3226 -
1063 3187 1134 3244 438.
1170 3183 1292 3261 tabula,
1330 3210 1388 3266 qua
1444 3181 1445 3216 ³

260 3291 415 3363 scribitur,
450 3289 486 3348 cf.
510 3289 582 3350 Hor.
606 3289 668 3349 Sat.
691 3291 714 3362 Ι,
740 3291 768 3362 6,
800 3291 849 3347 74.
878 3319 922 3328 -
949 3291 1021 3347 440.
1057 3283 1178 3347 Noster
1207 3290 1289 3364 este,
1326 3292 1387 3350 lau·

261 3391 361 3450 dantis
384 3399 437 3465 est,
460 3392 496 3450 cf.
520 3391 585 3450 Mil.
610 3395 689 3451 895:
714 3391 787 3466 „Eu,
811 3398 913 3450 noster
936 3388 1031 3450 esto“.
1066 3391 1186 3450 Trucul.
1211 3393 1283 3452 940.
1320 3394 1387 3452 Ter.

260 3493 336 3554 Eun.
363 3496 432 3554 154.
456 3525 497 3536 -
520 3495 592 3553 441.
618 3488 822 3568 Revocatur,
853 3499 1008 3563 evocatur,
1040 3497 1074 3550 ut
1095 3493 1236 3568 prodeat,
1262 3496 1298 3553 cf.
1322 3497 1388 3554 Mil.
1443 3547 1444 3552 ,

263 3599 354 3656 1115.
387 3597 496 3655 Pseud.
521 3599 591 3657 649.
615 3627 657 3637 -
686 3599 757 3656 442.
786 3595 904 3673 attigas
927 3615 963 3654 ex
984 3595 1082 3653 Nonio
1104 3615 1134 3671 p.
1159 3599 1199 3655 75
1223 3605 1386 3674 receptum.

261 3701 313 3776 qui
342 3701 474 3758 eiusdem
503 3701 606 3760 forma
636 3701 770 3777 exempla
799 3720 835 3757 ex
863 3699 998 3775 Turpilio
1029 3711 1057 3754 st
1085 3697 1168 3756 Attio
1199 3699 1297 3759 affert.
1345 3702 1385 3758 (r.

260 3801 349 3880 Epid.
373 3805 446 3862 719.
487 3803 577 3861 Most.
602 3805 673 3862 459.
714 3802 795 3860 Pers.
821 3803 891 3861 813.
933 3799 1025 3859 Stich.
1056 3802 1123 3858 182.
1169 3801 1290 3861 Trucul.
1316 3805 1386 3860 275.
1442 3859 1443 3876 ,

260 3905 350 3983 Apud
378 3905 445 3964 Ter.
469 3905 546 3964 And.
571 3907 630 3964 789
666 3911 761 3964 metro
795 3905 916 3963 iubente
949 3907 1125 3961 restitutum
1159 3911 1214 3962 est.
1243 3935 1286 3944 -
1314 3907 1385 3964 443.

261 4003 373 4067 Versus
400 4013 567 4086 corruptus.
620 4007 667 4066 Ad
694 4027 756 4066 voc.
780 4001 823 4066 Id
844 4007 867 4063 B
891 4005 1075 4080 adscriptum
1105 4003 1212 4064 habet:
1251 4007 1305 4066 ..al.
1332 4009 1384 4076 it:

261 4111 342 4188 quod
376 4112 567 4188 amplectitur
600 4111 643 4168 ed.
673 4129 734 4188 pr,
774 4110 801 4168 D
835 4104 932 4180 „Fit“‚
973 4107 1053 4183 quod
1088 4107 1201 4166 Ritsch.
1237 4111 1384 4185 praetulit:

260 4213 350 4272 Both.
371 4211 461 4288 „Ut“.
507 4213 614 4271 Omnes
636 4217 668 4271 in
691 4231 754 4270 voc.
782 4209 938 4284 „strenua“
965 4212 1059 4286 patris
1089 4213 1257 4270 orationem
1285 4217 1384 4270 termi-
1441 4291 1442 4298 ἵ

261 4323 344 4374 nant.
396 4316 455 4374 Sed
477 4337 505 4374 v.
530 4317 591 4374 444
624 4313 706 4386 ,Itur
728 4311 830 4372 illinc“
864 4312 996 4372 ostendit
1026 4312 1067 4368 ibi
1097 4311 1216 4372 demum
1245 4313 1384 4374 adalind

261 4419 397 4490 transiri,
425 4439 453 4476 v.
477 4419 537 4478 443
562 4423 693 4474 extrema
714 4419 810 4494 patris
833 4417 925 4475 verba
947 4417 1107 4474 continere.
1154 4415 1231 4474 Hine
1254 4417 1383 4492 sequitur
