2928 5010
282 487 322 548 98
796 481 886 538 Pleuu
1200 485 1377 555 mitio-28

712 671 965 738 Pistoclerus

277 779 351 845 Non
372 781 414 861 it3
436 784 554 862 negato
578 799 649 844 esee
671 780 801 844 ituram.
846 781 910 846 Abi
932 787 966 846 et
986 781 1154 848 renuntia:
1337 799 1378 854 590
1455 791 1456 840 1

277 888 384 954 Alium
405 887 463 953 illa
485 893 584 968 amet,
606 907 671 954 non
692 886 793 953 illum.
838 887 909 954 Due
930 895 964 954 te
988 889 1029 955 eb
1052 889 1198 956 aedibus.

730 1029 943 1096 Parasitus

275 1137 379 1204 Nimis
400 1137 565 1203 iracunde.

705 1267 956 1334 Pistoclerus

617 1376 661 1442 At
683 1377 751 1440 sein
775 1397 874 1460 quam
896 1379 1071 1444 iracundus
1095 1379 1196 1445 siem?

273 1485 321 1550 Ne
344 1486 406 1550 tibi
427 1483 536 1550 herele
558 1483 648 1549 haud
669 1483 798 1567 longest
821 1507 856 1550 os
879 1485 921 1550 ab
944 1484 1139 1566 infortuni0;

273 1595 325 1659 Ite
347 1591 622 1676 dentifrangibula
643 1589 725 1657 haec
748 1594 828 1657 meis
851 1593 1001 1658 menibus
1026 1595 1178 1676 gestiunt.

726 1723 939 1789 Parasitus

274 1833 377 1910 Quom
399 1852 457 1915 ego
480 1829 575 1897 huius
597 1831 700 1896 uerba
722 1832 929 1914 interpretor,
954 1832 1033 1896 mihi
1057 1833 1208 1914 cautioet‚
1334 1847 1377 1902 000

272 1940 321 2008 Ne
343 1939 604 2022 nucifrangibula
626 1941 771 2005 excussit
793 1961 832 2004 ex
856 1939 950 2004 malis
974 1942 1061 2006 meis.

252 2049 342 2116 ·Tuo
364 2070 423 2133 ego
446 2049 549 2114 istaec
571 2048 670 2132 igitur
692 2045 800 2112 dicam
822 2047 870 2112 illi
893 2047 1046 2132 periculo.

704 2177 959 2244 Pistoclerus

272 2287 357 2366 Quid
379 2287 428 2353 aie
449 2287 508 2352 tu?

718 2416 936 2482 Parasitus

549 2525 618 2609 Ego
640 2525 726 2590 istuc
749 2523 797 2588 illi
820 2523 938 2589 dicem.

703 2631 958 2698 Pistoclerus

974 2741 1034 2805 Die
1057 2741 1147 2820 mihi,

270 2847 350 2926 Quis
371 2854 408 2912 tu
430 2849 487 2914 ee?
985 2853 988 2861 ‘

717 2956 935 3022 Parasitus

526 3062 617 3129 illiue
640 3085 710 3129 sum
732 3065 992 3148 integumentum
1015 3067 1169 3149 eorporis.

700 3172 957 3240 Pistoclerus

267 3281 416 3366 Nequam
449 3301 519 3346 esse
554 3287 696 3365 oportet,
735 3284 811 3364 quoi
847 3289 916 3347 tem
944 3283 1205 3364 integumentum
1232 3282 1334 3364 inpro·
1453 3313 1454 3318 1

978 3389 1099 3455 bumst.
1327 3401 1371 3454 000
1453 3475 1454 3478 ¹

723 3497 938 3562 Parasitus

267 3603 424 3671 Sufflatus
446 3603 500 3671 ille
523 3606 587 3671 hue
609 3606 729 3671 ueniet.

695 3711 953 3777 Pistoclerus

761 3820 991 3922 'Disrumptum
1013 3821 1121 3886 uelim.

719 3927 932 3994 Parasitus

264 4037 351 4102 Num
373 4038 452 4122 quid
473 4039 548 4103 uis?

311 4327 316 4336 ,
348 4275 398 4328 099
424 4273 635 4343 integimentum
742 4276 793 4328 600
821 4275 865 4330 eui
888 4279 918 4327 tn
940 4257 1165 4343 integumentum
1187 4269 1324 4344 improbus
1344 4280 1369 4319 eu
1451 4261 1452 4268 ’

262 4361 312 4413 601
332 4359 518 4426 dirrumptum
600 4359 651 4412 602
669 4357 750 4414 Nune
769 4359 836 4428 quid
