2922 5006
97 507 170 579 11‚o,
180 511 284 566 25-33
592 511 728 568 counio.

562 700 758 770 Curculio

96 807 176 886 Quis
198 809 322 875 uocat?
345 810 417 893 quis
438 810 588 877 nominat
610 812 684 876 me?

522 953 800 1020 Phaedromus

716 1061 779 1139 Qui
801 1069 835 1129 te
858 1069 1055 1130 conuentum
1079 1064 1178 1148 eupit.

566 1185 757 1254 Curculio

93 1294 191 1360 Haud
213 1315 264 1359 me
284 1295 389 1378 magis
412 1295 511 1380 cupis,
535 1316 636 1380 quam
658 1317 719 1380 ego
743 1301 775 1361 te
799 1296 906 1380 cupio.

521 1438 796 1504 Phaedromus

763 1545 790 1613 Ο
814 1569 888 1614 mea
910 1549 1152 1634 opportunitas
1172 1567 1223 1621 305

92 1653 250 1720 Curculio
275 1659 439 1739 exoptata,
463 1653 565 1720 salue.

560 1796 756 1862 Curculio

609 1904 715 1971 Salue.

519 2045 801 2113 Phaedromus

705 2163 709 2176 '
754 2155 887 2223 Saluom
910 2155 1038 2238 gaudeo

89 2263 135 2329 Te
147 2265 324 2345 aduenire3
348 2265 429 2330 eedo
444 2271 536 2330 tuam
554 2264 634 2329 mihi
652 2265 812 2330 dextram.
851 2263 915 2330 Ubi
933 2274 1009 2330 sunt
1021 2287 1095 2351 spes
1107 2268 1222 2333 meae?

90 2371 267 2458 Eloquere,
291 2371 426 2439 obsecro
449 2372 569 2438 hercle.

566 2514 756 2582 Curculio

374 2621 552 2707 Eloquere,
574 2631 609 2689 te
633 2623 769 2690 obseoro
792 2624 899 2706 hercle,
923 2624 981 2692 ubi
1004 2633 1083 2692 sunt
1105 2628 1221 2692 meae?

519 2765 793 2834 Phaedromus

89 2875 177 2954 Quid
200 2874 316 2942 tibist?

563 2982 756 3049 Curculio

354 3091 523 3158 Tenebrae
547 3090 751 3172 oboriuntur,
773 3113 881 3176 genua
903 3091 1014 3160 inedia
1035 3092 1221 3160 succidunt.

519 3233 798 3300 Phaedromus

90 3341 303 3408 Lassitudine
325 3341 435 3410 hercle
459 3342 567 3409 oredo.

556 3471 751 3540 Curculio

605 3581 732 3662 Retine,
755 3583 861 3649 retine
884 3603 946 3664 me,
971 3581 1118 3649 obsecro.
1172 3601 1223 3654 310

519 3713 800 3780 Phaedromus

89 3820 208 3900 Uidea,
234 3826 272 3886 ut
295 3821 478 3906 expalluit?
523 3821 624 3886 Datin
647 3823 703 3888 isli
727 3823 853 3902 sellam,
876 3823 933 3888 ubi
956 3821 1097 3904 adsidet,
1123 3822 1188 3888 cito

90 3928 135 3994 Et
157 3929 311 4014 aqualem
336 3951 409 3996 oum
433 3930 544 4014 aqua?
567 3932 758 4016 properatin
782 3931 895 3998 ocius?

559 4061 757 4129 Cureulio

931 4170 1047 4236 Animo
1072 4170 1200 4234 molest.

161 4401 213 4455 306
230 4419 275 4455 me
293 4417 342 4458 orn.
397 4403 449 4458 308
468 4402 587 4457 obsecro
606 4403 655 4458 ubi
