2916 5006
256 508 319 569 480
761 448 880 574 Captiui.

255 699 333 758 huno
355 717 474 756 vorsum
496 699 628 775 spurium
656 699 834 757 habuerunt.
863 729 905 739 —
938 702 1008 759 288.
1038 697 1202 776 pertinax,
1236 704 1254 759 i.
1276 721 1299 758 o.
1323 701 1368 758 nd-

255 799 373 858 modum
386 805 484 860 tenux.
519 801 629 860 Vocem
650 801 708 860 olio
727 799 943 878 significatione
962 808 1063 862 notum
1083 801 1123 877 (v.
1136 805 1214 863 Attii
1225 825 1251 862 v.
1264 805 1281 860 4
1293 797 1368 880 sqq.)

254 903 381 962 Plautus
403 904 498 962 faceto
520 903 569 962 hio
591 905 700 980 posuit.
730 935 773 944 -
803 905 874 962 269.
908 906 946 964 ut
971 903 1074 983 mopso
1095 921 1223 980 noscas,
1253 927 1290 966 so.
1313 926 1369 964 rem
1410 964 1420 994 ο

255 1011 308 1065 out
336 1025 416 1078 eum,
451 1008 560 1066 omisso
589 1009 707 1067 obiooto
736 1027 841 1086 porum
870 1005 1006 1082 definito,
1042 1009 1187 1069 of.·Guro.
1212 1012 1281 1069 259.
1304 1011 1368 1068 630.

254 1109 346 1168 Mero.
371 1109 450 1168 436:
477 1111 520 1182 ,si
542 1115 575 1168 tu
597 1108 703 1170 soiss“.
729 1139 765 1150 -
791 1105 845 1170 ubi
866 1107 1005 1189 quondO,
1035 1113 1054 1172 i.
1079 1133 1104 1170 e.
1127 1113 1180 1171 ubi
1202 1111 1369 1190 aliquund03

255 1213 404 1272 inutiliter
436 1213 572 1289 quidum:
618 1233 689 1287 „suo
724 1214 779 1272 sibi
813 1213 964 1292 quand0“.
1030 1207 1133 1275 Genio
1166 1231 1223 1276 suo
1255 1216 1369 1274 Romani

255 1318 381 1374 maximo
411 1316 505 1374 nntnli
539 1316 587 1374 dio
616 1317 839 1390 sacrificabant,
873 1317 932 1376 vid.
961 1317 1059 1377 Tibul.
1090 1318 1132 1391 H,
1164 1321 1182 1376 2
1213 1323 1242 1376 ot
1268 1317 1315 1390 lv,
1345 1321 1369 1374 6.

256 1418 407 1476 Censorio.
428 1418 456 1476 d.
476 1424 535 1478 not.
555 1421 583 1478 2.
623 1420 715 1478 Festo
735 1425 769 1478 'ot
791 1420 860 1478 lsoto
884 1419 932 1478 dio
955 1416 1174 1496 pretiosissimo
1197 1427 1227 1478 et
1248 1420 1369 1498 splendi-

256 1521 378 1579 dissimo
401 1541 471 1579 vaso
492 1521 625 1580 homines
648 1541 797 1599 apponere
820 1522 932 1596 solont;
961 1523 1011 1580 ille
1034 1521 1177 1582 fictilibus
1199 1524 1302 1596 utitur,
1324 1541 1372 1580 nso

255 1624 408 1698 religionis
431 1643 535 1696 osuso,
570 1624 651 1700 qnod
682 1627 712 1682 in
741 1625 869 1702 publiois
898 1625 1074 1702 quibusdum
1103 1629 1197 1686 sonnis
1224 1627 1372 1685 servabunt

256 1726 390 1798 Romm,
414 1747 441 1785 v.
465 1725 541 1786 Plin.
565 1725 601 1784 H.
626 1727 662 1786 N.
680 1727 802 1799 XXXV,
829 1729 897 1801 158,
921 1729 952 1786 in
973 1731 1035 1787 vita
1057 1733 1178 1806 privata
1199 1751 1258 1788 non
1280 1749 1370 1787 sorvo-

256 1829 336 1902 bunt,
360 1828 413 1888 sed
435 1827 563 1888 sordidos
585 1829 774 1908 parsimonia
797 1836 827 1890 ot
844 1832 1020 1908 suspicionis
1039 1851 1136 1904 osuss,
1161 1835 1245 1910 quasi
1262 1833 1371 1890 timeret

257 1953 293 1990 no
306 1932 379 1990 deus
391 1935 464 2009 ipse,
488 1934 519 2009 si,
531 1937 671 2010 argentos
681 1952 753 1992 vaso
764 1932 925 1993 adveniens
943 1936 1116 2009 invenisset,
1140 1935 1222 1994 furto
1240 1935 1369 1993 auferret.

257 2029 366 2095 Samia
400 2040 498 2093 autom
534 2055 605 2094 vasu
632 2033 735 2094 fictilia
764 2041 795 2093 et
823 2037 968 2096 vilissima
1002 2043 1100 2111 oront,
1134 2058 1164 2096 v.
1193 2037 1283 2097 Stich.
1308 2039 1370 2096 690.

257 2137 362 2198 Boooh.
379 2141 447 2198 199.
478 2137 601 2198 Rhotor.
616 2138 655 2197 od
667 2138 796 2197 Heronn.
810 2139 860 2212 lv,
875 2141 986 2212 51,o4.
1021 2139 1081 2200 Gio.
1093 2161 1123 2219 p.
1136 2141 1253 2200 Moron.
1267 2143 1314 2212 36,
1328 2143 1370 2198 75.

343 2243 413 2300 292.
438 2240 545 2316 Hegio,
569 2245 621 2319 qui
644 2242 701 2300 huo
723 2261 818 2319 usquo
841 2251 917 2315 oum,
941 2262 1029 2319 quem
1051 2263 1171 2303 servum
1194 2263 1258 2304 osso
1279 2261 1370 2301 oense·

256 2345 317 2418 bnt,
337 2348 547 2421 interrogovit,
566 2345 624 2403 ism
642 2345 821 2421 Tyndarum,
841 2365 928 2422 quom
945 2345 1048 2405 honum
1067 2367 1131 2406 esso
1150 2353 1259 2419 consot,
1277 2363 1370 2421 oggro

256 2447 347 2506 ditur.
398 2441 535 2520 Eodem,
566 2467 593 2507 ν.
617 2447 656 2506 sd
678 2447 783 2507 Bsooh.
809 2451 858 2506 47.
890 2477 934 2488 --
967 2452 1038 2510 295.
1073 2451 1170 2508 eiam
1193 2449 1371 2526 abantiquis

257 2550 324 2610 edd.
348 2550 482 2608 additum
505 2556 558 2610 ost.
604 2550 663 2611 Cur
689 2547 761 2624 ,ex“
786 2553 888 2630 potius
910 2551 1088 2625 scribamus,
1111 2553 1196 2611 nullu
1218 2573 1304 2612 consu
1324 2557 1369 2609 est.

257 2683 300 2694 —
334 2655 404 2712 296.
439 2653 498 2712 Pro
532 2649 595 2713 soto
628 2657 659 2712 in
693 2656 800 2714 ostonis
834 2655 920 2715 codd.
950 2661 980 2714 et
1013 2656 1080 2715 edd.
1115 2656 1302 2715 emendatum
1333 2659 1370 2712 ost

260 2751 389 2832 ,soito“;
412 2755 555 2834 Gopport.
569 2763 599 2816 ot
614 2757 731 2816 facilius
748 2763 778 2817 et
794 2759 1000 2818 verisimilius:
1023 2755 1095 2819 soto.
1117 2789 1154 2798 -
1177 2761 1250 2818 297.
1272 2773 1368 2836 quom-

258 2873 351 2935 quam
381 2860 452 2918 olim
482 2861 670 2920 emendatum
694 2867 748 2920 est.
776 2891 811 2901 -
846 2865 915 2923 300.
950 2861 1018 2920 Non
1039 2862 1176 2938 postulo,
1206 2863 1317 2942 inquit,
1342 2863 1369 2918 ut

256 2965 313 3022 isto
343 2959 532 3039 (personatus
563 2961 678 3037 servus)
710 2985 755 3022 me
784 2967 877 3039 magis
911 2983 999 3040 quom
1029 2971 1060 3022 to
1088 2971 1214 3026 metunt.
1241 2995 1278 3005 -
1309 2963 1367 3024 302.

256 3061 393 3127 Memini
416 3081 515 3143 quom.
562 3067 641 3126 Brix.
666 3075 819 3145 comparat
841 3068 946 3127 Boooh.
970 3069 1043 3128 466.
1088 3067 1179 3128 Poon.
1205 3070 1283 3128 726:
1309 3063 1367 3140 „Ui-

256 3171 358 3242 distis,
393 3171 459 3228 leno
489 3189 576 3247 quom
606 3189 711 3229 nurum
739 3167 883 3248 oooepit“.
940 3171 1026 3230 Troo.
1053 3173 1127 3230 112:
1166 3171 1244 3248 „ipsi
1266 3169 1366 3238 uident,

256 3293 359 3332 eorum
383 3293 472 3350 quom
496 3273 665 3350 abgorimns
687 3271 797 3332 bono“.
842 3268 928 3333 houd
949 3267 1099 3344 audebat,
1129 3293 1169 3332 so.
1192 3293 1239 3331 mo
1261 3271 1365 3339 ludere,

255 3377 292 3437 of.
311 3377 395 3436 Asin.
410 3377 487 3436 246:
515 3379 559 3448 ,si
581 3381 699 3435 mutuos
722 3396 782 3436 non
805 3381 920 3454 potero,
945 3381 1089 3436 certumst
1111 3395 1226 3434 sumum
1249 3369 1366 3434 fenord.

256 3479 354 3538 casin.
377 3481 452 3538 525:
480 3478 583 3551 „Nuno
604 3479 672 3538 uolo
694 3485 784 3556 atquo
808 3482 895 3538 istum
918 3477 1018 3538 iubs“.
1052 3478 1119 3538 Aul.
1134 3481 1206 3538 269.
1230 3508 1267 3518 -
1287 3471 1366 3552 fotid,

256 3583 333 3638 siout
365 3601 412 3638 ms
444 3581 587 3658 prodidit.
620 3611 661 3622 -
696 3583 765 3641 303.
805 3581 974 3642 Communis
1007 3583 1164 3640 sententio.
1230 3577 1364 3656 Theophr.

256 3683 344 3742 Char.
370 3685 403 3742 8:
433 3687 540 3758 ἐνθυμῇ
561 3687 591 3741 τὸ
613 3685 658 3755 τῆς
680 3687 776 3757 nomm
811 3684 882 3742 Hor.
905 3683 960 3742 Od.
984 3685 1007 3758 1,
1032 3685 1081 3758 34,
1108 3686 1161 3742 12:
1195 3683 1301 3756 ,Volet
1320 3682 1367 3738 ino

255 3787 376 3845 summis
388 3785 509 3844 Mutare
522 3791 553 3843 ot
570 3787 714 3863 insignem
732 3793 870 3846 attenuat
887 3782 990 3844 deus“.
1004 3814 1043 3824 —
1062 3785 1156 3860 artat,
1180 3789 1212 3844 in
1231 3786 1366 3864 angustius

255 3889 383 3964 redigit,
406 3883 505 3965 finpit,
529 3889 561 3948 in
584 3889 656 3948 ulios
679 3889 789 3947 formas
813 3888 931 3963 redigit.
967 3888 1061 3965 Gopp.
1085 3889 1162 3946 mulo
1188 3885 1320 3962 ,findit“.
1335 3909 1367 3922 -’

258 3993 328 4052 306.
351 3986 491 4067 proinde
512 3988 555 4066 01,
579 3993 598 4051 i.
622 4013 647 4051 o.
671 3992 771 4064 tolum,
797 3991 903 4069 qualis,
927 3991 964 4050 of.
988 3991 1097 4068 Amph.
1121 3993 1183 4050 953
1208 3996 1239 4050 ot
1260 3993 1318 4048 not
1338 3981 1366 4042 od

256 4094 365 4172 Amph.
391 4097 461 4154 571.
492 4125 535 4134 -
565 4093 636 4154 308.
669 4089 740 4168 hoe,
769 4094 850 4172 quod
873 4095 1018 4171 sequitur.
1050 4123 1091 4134 -
1123 4089 1279 4154 noluerim
1300 4089 1364 4149 Brin

256 4216 313 4255 om.
335 4202 370 4256 ut
386 4217 413 4258 v.
429 4200 477 4258 53.
505 4227 541 4239 --
564 4193 629 4258 nist
650 4192 734 4271 forto
755 4195 824 4274 ipre
845 4213 910 4257 oon
931 4193 990 4270 oio,
1014 4199 1071 4255 nisi
1095 4197 1172 4255 forto
1194 4197 1251 4256 tibi
1273 4197 1365 4253 incon·

257 4300 376 4358 modum
399 4305 451 4358 aut
472 4301 629 4360 molestum
654 4305 709 4373 ost,
734 4301 770 4359 of.
789 4300 871 4359 Trin.
898 4303 969 4360 328.
996 4301 1086 4360 1156.
1103 4329 1147 4340 -·-
1171 4302 1241 4360 312.
1265 4313 1320 4376 quo
1339 4289 1365 4363 0

257 4421 284 4460 v.
309 4401 346 4460 ud
371 4403 475 4478 Amph.
502 4407 528 4462 d.
556 4433 592 4442 -
620 4405 690 4462 313.
722 4399 869 4463 habueris
892 4449 898 4461 .
918 4449 924 4461 .
946 4449 952 4461 .
978 4399 1148 4476 curauert'd,
1178 4402 1297 4462 habebis
