2922 5006
97 520 117 588 1,
125 523 149 588 3,
166 523 251 578 5—14
594 521 734 577 Curculio.

541 714 772 812 Plenesium

96 816 155 884 Ubi
176 827 215 884 tu
239 841 283 900 ee,
308 823 364 904 qui
386 845 437 888 me
461 821 693 914 oonuadetus's
716 819 865 886 Ueneriis
887 817 1105 884 uadimoniis?

91 923 175 993 Siste
189 949 249 1012 ego
266 925 328 995 tibi
340 951 391 995 me
403 937 446 1010 et,
458 932 538 998 mihi
556 938 672 998 eontra
688 929 804 995 itidem
823 933 856 992 tu
869 933 897 993 te
908 933 946 992 ut
958 927 1067 1008 sistaS,
1082 925 1217 992 suadeo.

521 1062 799 1128 Phaedromus

90 1165 230 1248 Adeum3
260 1189 336 1234 nam
360 1171 387 1234 si
411 1169 524 1251 absim,
554 1170 643 1236 haud
666 1189 824 1248 recusem,
850 1169 930 1252 quin
953 1166 1033 1232 mihi
1055 1166 1140 1232 male
1165 1166 1218 1246 sit,

812 1275 877 1342 mel
898 1295 1015 1342 meum.

543 1385 778 1452 Planesium

89 1490 203 1558 Anime
228 1493 287 1573 mi,
316 1498 379 1558 tam
406 1494 522 1578 procul
550 1501 716 1560 amantem
744 1494 859 1559 abesse
887 1490 977 1558 haud
1001 1497 1220 1557 consentane-

810 1607 908 1667 umst.
1172 1615 1220 1668 166

523 1709 794 1776 Phaedromus

90 1813 253 1897 Palinure,
277 1815 441 1883 Palinure.

393 1935 397 1942 '
544 1924 767 1992 Palinurus

389 2032 562 2119 Eloquere,
586 2035 665 2117 quid
688 2043 746 2114 est,
772 2034 859 2118 quod
881 2033 1072 2099 Palinurum
1094 2031 1219 2096 uoces?

520 2164 798 2232 Phaedromus

90 2271 151 2338 Est
173 2271 297 2356 lepide.

543 2381 766 2447 Palinurus

269 2488 374 2554 Nimis
396 2489 518 2574 lepida.

521 2599 800 2666 Phaedromus

498 2705 576 2772 Sum
599 2706 690 2772 deus,

548 2849 769 2915 Palinurus
785 2843 787 2846 ’

638 2957 740 3022 Immo
763 2959 860 3023 homo
882 2957 972 3022 haud
994 2955 1103 3038 magni
1126 2954 1220 3036 preti.

523 3098 798 3165 Phaedromus

87 3205 177 3285 Quid
202 3206 319 3272 uidisti
341 3212 398 3272 aut
422 3205 500 3289 quid
524 3206 652 3272 uidebis
677 3209 780 3290 magis
805 3207 856 3272 dis
880 3204 1149 3290 aequiparabile?

549 3348 770 3416 Palinurus

90 3457 179 3524 Male
203 3457 307 3537 nelos,
331 3479 396 3538 ere,
420 3457 508 3541 quod
530 3457 610 3522 mihi
632 3465 773 3542 aegrest.

522 3599 802 3667 Phaedromus

676 3708 764 3776 Male
788 3709 866 3775 mihi
890 3710 1112 3790 morigerus's3
1136 3716 1221 3772 tace.

550 3850 771 3917 Palinurus

91 3958 191 4044 Ipsus
213 3981 248 4026 se
264 3960 442 4040 excruciat,
468 3960 525 4044 qui
547 3960 644 4026 homo
669 3961 758 4045 quod
781 3967 872 4026 amat
894 3958 986 4025 uidet
1007 3979 1067 4024 nee
1090 3957 1222 4042 potitur,

816 4068 891 4134 dum
915 4067 1000 4132 lieet.
1175 4083 1224 4134 170

165 4323 214 4377 162
232 4321 407 4378 conuadatus
463 4323 513 4377 163
530 4327 605 4376 tute
620 4337 669 4378 om.
720 4325 769 4378 164
787 4325 887 4378 Assum
931 4328 1053 4376 retusem
1099 4323 1147 4375 165
1165 4331 1223 4374 tam

92 4419 146 4462 om.
219 4409 268 4464 168
287 4407 339 4463 diis
356 4408 420 4478 equi
429 4408 557 4478 parabile
629 4409 677 4463 169
694 4409 771 4464 Male
789 4409 883 4464 ualere
898 4415 926 4464 te
942 4408 1017 4477 quod
1069 4407 1224 4477 morigerus

989 4513 1019 4564 16
