2916 5006
556 530 587 584 V.
609 533 753 584 aot-235.
1147 533 1208 594 475

87 726 176 800 vulgo
191 725 301 800 „nisi“;
325 726 458 784 sedtum
477 745 534 785 nou
554 723 638 787 colas
656 725 845 784 scribendum
865 731 937 796 orat,
960 745 1062 782 verum
1084 723 1208 798 „oeles“,

86 835 120 887 ut
142 830 172 886 in
200 831 302 907 priore
335 830 466 888 editione
493 833 596 907 posui,
636 823 826 907 quamquam
844 829 892 886 hio
920 847 1022 886 versus
1051 829 1132 887 loeus
1160 829 1210 886 vix

85 930 247 990 molossum
276 953 331 1009 pro
361 935 470 992 oretioo
493 935 618 1010 patitur.
675 933 737 990 Iam
761 929 820 990 elsi
842 935 942 1009 posui,
973 933 992 990 i.
1017 951 1041 990 e.
1065 933 1208 1008 quamvis,

85 1035 131 1092 vel
155 1037 281 1108 etiamsi,
306 1042 339 1094 nt
363 1037 440 1094 inlra
464 1038 534 1096 850.
570 1036 637 1094 Aul.
662 1038 734 1094 413.
768 1035 887 1094 Trnonl.
912 1037 983 1094 802.
1017 1034 1094 1093 Rud.
1118 1037 1207 1094 1350.

85 1139 167 1210 astu,
192 1138 228 1197 ol.
253 1138 343 1198 Poen.
367 1139 440 1198 lll:
469 1139 532 1210 „Ita
556 1139 642 1198 docte
665 1145 755 1215 atque
778 1145 845 1196 astu
867 1137 946 1196 filias
969 1139 1087 1213 quaerit
1109 1134 1208 1196 suee“.

84 1241 166 1300 Pers.
184 1241 260 1300 149:
288 1243 504 1314 „Praeuioustrn
528 1243 630 1314 docte;
654 1243 783 1318 praecipe
806 1247 873 1298 astu
895 1237 994 1298 filia&
1029 1240 1096 1300 Ter.
1114 1239 1208 1299 Andr.

84 1346 155 1402 208.
180 1343 256 1403 Ειιιι.
271 1346 342 1404 924.
369 1375 405 1386 -
422 1347 492 1404 223.
517 1341 560 1417 id,
584 1367 622 1404 so.
647 1345 728 1421 quod
745 1345 936 1415 machineris,
960 1363 1065 1420 parurn
1086 1343 1209 1402 definite

82 1449 226 1523 ponitur,
261 1448 297 1506 cf.
321 1447 410 1506 Poen.
438 1451 495 1508 183
520 1469 564 1526 eq.
593 1449 687 1520 „Quid
710 1453 742 1506 tu
772 1447 905 1518 dubitas,
940 1448 1011 1524 quin
1041 1447 1209 1522 extempulo

82 1549 177 1627 Dupli
200 1550 265 1622 tibi,
290 1553 354 1608 auri
379 1557 408 1609 et
432 1553 568 1624 hominis,
592 1552 639 1610 sur
662 1552 730 1610 leno
753 1554 811 1610 siet
833 1550 937 1625 Neque
954 1549 985 1606 id
1003 1549 1081 1608 unde
1101 1549 1211 1608 efficiat

82 1649 232 1710 habent?“
290 1654 380 1712 Most.
407 1654 481 1714 113:
520 1660 563 1726 „si
588 1655 659 1731 qnid
687 1674 808 1712 nummo
836 1653 939 1710 sarciri
968 1659 1080 1729 potest,
1117 1671 1209 1728 usque

83 1761 221 1814 mantant
249 1777 344 1834 neque
374 1759 404 1816 id
439 1759 566 1830 leniunt,
602 1759 738 1816 donioum
773 1757 904 1832 parietes
938 1751 1059 1814 ruunt“.
1104 1755 1140 1814 ol.
1172 1755 1209 1812 ad

82 1859 189 1917 Bacch.
207 1861 295 1918 1026.
315 1891 356 1900 -
380 1863 440 1920 224
464 1869 580 1920 constat
603 1882 639 1918 ex
662 1861 790 1918 dimetro
812 1860 922 1916 cretico
946 1864 975 1915 et
997 1857 1126 1915 dimetro
1149 1864 1208 1916 tro·

82 1962 201 2034 ohaico,
237 1964 297 2020 225
326 1963 468 2022 iambicus
498 1967 667 2024 octonarius
696 1968 749 2020 est.
806 1961 1005 2032 Hermonnus,
1037 1979 1123 2036 quem
1147 1961 1209 2018 lere

81 2071 251 2142 sequuntur
274 2066 406 2126 Lindem.
433 2067 475 2124 Fl.
500 2067 605 2144 Gepp.,
631 2067 704 2125 duos
722 2069 914 2122 tetrametros
931 2064 1056 2122 aretinos
1074 2069 1104 2120 et
1117 2063 1208 2120 dime-

82 2175 162 2228 trum
180 2169 338 2228 iambioum
356 2169 531 2246 descripsit3
553 2169 606 2229 sed
628 2170 756 2246 primum
778 2187 896 2226 versum
918 2171 1082 2238 mutarunt,
1106 2171 1139 2224 ut
1161 2165 1206 2224 Fl.

83 2271 181 2346 „Nam
204 2275 230 2331 si
253 2291 321 2330 erus
343 2275 376 2331 tri
398 2271 497 2332 mihi's
520 2275 610 2351 itque
633 2291 687 2349 ego
710 2291 773 2328 esse
795 2271 841 2328 md
864 2265 980 2328 tuum“.
1001 2299 1038 2310 -
1059 2271 1206 2330 226-30

80 2377 254 2434 tetrametri
270 2375 429 2438 bacchiaoi.
464 2371 520 2436 lton
537 2376 649 2434 delevit
660 2375 760 2433 Herm.
778 2405 811 2414 -
835 2376 906 2432 227.
933 2370 1089 2448 ,,ίιιοθριιι“
1105 2371 1207 2444 Aoid.;

81 2499 141 2538 non
161 2497 245 2556 opus,
269 2499 338 2538 narn
355 2479 479 2538 oonsilio
499 2485 588 2557 capto
606 2499 652 2536 res
671 2480 728 2536 iam
746 2481 865 2554 incepta
882 2483 936 2534 est.
949 2507 991 2517 —
1009 2477 1080 2534 229.
1105 2469 1207 2546 Nam3

80 2583 189 2640 merito
212 2601 278 2640 eum
302 2581 357 2641 hoo
379 2602 499 2660 sperare
523 2581 680 2656 significat.
733 2581 845 2640 Versus
873 2599 932 2638 non
960 2577 1085 2638 bacchio
1107 2579 1208 2636 termi-

80 2689 186 2756 natur,
216 2685 269 2742 sed
298 2703 402 2762 poeone
424 2687 530 2762 primo.
560 2715 602 2726 --
633 2687 703 2744 230.
732 2700 781 2743 me
809 2683 927 2742 eddidit
948 2683 1049 2742 Herm.
1095 2674 1210 2754 offerre

79 2783 212 2858 militati,
242 2788 415 2865 permittere
443 2794 476 2846 ut
498 2807 553 2863 pro
577 2789 630 2846 nili
653 2787 809 2846 habeatur.
854 2787 1000 2862 Leporem
1025 2785 1153 2861 aliquem
1176 2785 1208 2842 in

81 2891 293 2968 componendis
317 2891 467 2949 vocabulis
489 2897 581 2968 poete
603 2897 720 2950 secutus
743 2897 797 2964 est,
821 2909 891 2948 nam
914 2890 972 2946 vile
997 2908 1066 2946 cero
1090 2893 1208 2946 contra-

80 2997 160 3053 rium
179 2999 233 3051 est.
253 3023 295 3033 —-
318 2995 389 3054 231.
413 2993 610 3052 Personarum
629 2995 749 3052 nomina
765 2991 964 3068 permutanda
983 3011 1046 3048 esse
1059 2991 1210 3048 intellexit

80 3098 220 3157 Guietns.
282 3096 405 3156 Versum
435 3097 590 3155 iambicum
626 3098 828 3173 septenarium
862 3095 928 3154 edd.
964 3095 1112 3158 lecerunt.
1153 3092 1208 3167 Py·

80 3201 165 3260 lades
182 3199 297 3258 addito
333 3197 437 3272 „tuno“
469 3206 538 3278 post
566 3202 657 3272 seire,
688 3198 834 3257 Fleckeis.
857 3198 1047 3274 transpositis
1070 3195 1206 3254 vocibus:

84 3305 145 3376 „At
173 3309 322 3362 memento
350 3300 456 3362 scire“.
512 3301 659 3380 Equidem
688 3301 763 3361 nihil
785 3301 880 3360 audeo
903 3305 1034 3370 mutare,
1070 3302 1209 3375 quoniam

81 3409 175 3464 etiam
199 3405 257 3464 duo
280 3425 398 3478 versus,
434 3409 485 3483 qui
508 3411 689 3482 sequuntur,
724 3405 911 3462 incertissimi
940 3411 1018 3462 sunt.
1068 3397 1210 3461 homines

81 3512 217 3586 spurium
241 3508 369 3582 videtur,
398 3529 466 3567 nem
490 3509 596 3567 Latine
620 3508 678 3566 dici
700 3527 759 3566 non
782 3512 882 3584 potest
907 3507 1059 3578 „homines
1081 3507 1210 3564 maxima

80 3611 171 3690 pors“
197 3631 252 3689 pro
279 3613 448 3698 „homiuum
473 3613 599 3670 maxima
627 3609 727 3688 pars“‚
763 3631 816 3668 neo
846 3610 942 3668 similo
972 3615 1018 3666 est
1040 3607 1128 3668 Most.
1155 3610 1208 3667 18:

84 3735 274 3790 „numerum
309 3735 401 3793 genus
429 3713 593 3788 forratile“,
622 3714 674 3773 ubi
701 3715 821 3772 minime
849 3715 947 3772 otiosa
975 3719 1020 3770 est
1048 3713 1208 3788 appositio.

81 3821 126 3879 Of.
139 3819 231 3878 Most.
248 3821 304 3878 lll
319 3839 380 3895 sq.:
407 3835 615 3894 ‚‚1nagnapars
627 3837 738 3876 morem
757 3819 835 3876 huno
853 3812 1064 3876 induxernut“.
1081 3843 1125 3854 -·-
1148 3814 1208 3872 234

82 3923 188 3982 -238
206 3925 372 3980 tetrametri
390 3923 499 3982 aretini.
512 3951 554 3961 -
572 3923 643 3980 235.
668 3915 769 3982 Flam
784 3920 883 3980 Herm.
897 3939 952 3980 em.
970 3947 1011 3958 -
1034 3911 1130 3976 Nemo
1152 3925 1207 3974 eto.

82 4028 189 4098 Antea,
213 4028 319 4102 inquit,
345 4025 406 4084 dixi
431 4022 471 4100 (v.
496 4017 572 4100 228)
595 4043 641 4082 me
664 4025 754 4082 talem
776 4025 909 4082 futurum
933 4042 1011 4094 esse,
1036 4019 1152 4098 qualern
1175 4023 1209 4078 tu

84 4150 129 4186 me
153 4149 216 4187 esse
240 4129 347 4200 velles,
377 4149 455 4187 nuno
476 4128 560 4202 dico,
591 4127 708 4204 qualem
730 4133 761 4186 te
784 4127 855 4184 mihi
879 4147 943 4186 esse
965 4125 1071 4196 velim,
1096 4123 1210 4182 scilieet

83 4252 243 4291 memorem
265 4231 399 4291 beneficii
419 4225 524 4306 (231),
548 4251 601 4290 neo
625 4231 786 4308 quidquam
810 4233 915 4290 melius
938 4233 991 4290 out
1013 4227 1122 4307 pietati
1142 4247 1208 4286 oon·

82 4337 252 4395 venientius
275 4333 401 4394 suadere
424 4354 553 4411 possum.
592 4333 634 4394 Ut
656 4335 794 4406 autumn,
818 4337 860 4392 ita
881 4329 998 4393 enucleo
1020 4333 1122 4410 priore
1144 4330 1210 4388 loco

82 4439 272 4498 scribendum
307 4459 369 4496 esso
399 4441 457 4495 iam
487 4435 754 4514 antiqui·quidum
789 4437 856 4495 edd.
892 4437 1041 4494 viderunt.
1099 4431 1209 4506 (Simili
