2932 5010
248 563 309 626 322
733 559 883 615 Aulularia.

247 755 319 816 426.
357 751 458 831 „Ego“
489 755 589 833 inquit
618 756 710 829 „meis
732 759 892 814 contentus
915 775 993 828 sum,
1027 776 1065 815 ne
1086 777 1133 815 me
1156 762 1209 815 tua
1232 757 1371 830 expetere

248 855 429 920 existimer.
474 857 580 918 Euclio
602 858 770 935 respondet,
794 857 892 917 verbis
916 859 992 917 nihil
1013 857 1127 938 profici,
1151 879 1183 918 se
1207 877 1371 934 coquorum

248 963 367 1038 ingenia
395 980 492 1021 nosse.
537 959 658 1020 Erravit
678 959 823 1034 Weisius,
859 961 938 1038 quod
965 980 1106 1038 personas
1134 963 1269 1023 invertit.
1313 961 1371 1021 Pro

246 1063 303 1127 Me
314 1065 429 1124 Camer.
445 1059 596 1139 „Mebm“,
609 1063 694 1126 Both.
711 1058 816 1136 „mei“,
837 1064 891 1123 sed
909 1063 1057 1124 obiectum
1074 1067 1163 1126 facile
1179 1065 1370 1140 intelligitur.

240 1167 389 1246 paenitet,
421 1167 456 1227 ci.
481 1165 519 1225 ad
545 1165 650 1226 Bacch.
685 1167 776 1224 1182.
822 1165 963 1241 expetam
992 1169 1062 1226 olim
1091 1168 1290 1228 emendatum.
1334 1181 1373 1226 roe

247 1279 345 1334 autem
369 1275 414 1330 est
439 1265 595 1344 „nedum“,
618 1273 653 1327 ut
675 1267 739 1326 Liv.
762 1267 816 1341 ΠΙ,
841 1271 889 1342 52,
914 1269 946 1329 9:
974 1270 1105 1343 „Novam
1127 1275 1372 1349 inexpertamque

248 1397 312 1436 eam
340 1377 520 1452 potestatem
550 1372 686 1448 eripuere
713 1371 851 1458 patribus
879 1375 1003 1446 nostris,
1038 1393 1074 1433 ne
1103 1395 1181 1434 nune
1216 1371 1372 1432 dulcedine

248 1478 336 1540 semel
360 1477 439 1554 capti
461 1474 561 1532 ierant
583 1471 793 1534 desiderium“.
818 1475 854 1535 cl.
868 1467 999 1535 Gronor.
1012 1477 1051 1535 ad
1067 1477 1096 1536 h.
1109 1478 1129 1537 l.
1146 1507 1190 1518 —
1213 1477 1371 1535 427-32,

247 1583 309 1641 Hos
332 1598 435 1638 versus
458 1577 622 1654 Wagnerus
649 1597 705 1655 pro
733 1579 846 1654 spuriis
874 1579 963 1638 eiecit
991 1577 1226 1664 dittographiam
1250 1597 1373 1637 censens

246 1702 386 1745 versuum
398 1683 562 1753 423—263
584 1679 638 1738 sed
648 1680 723 1738 nihil
734 1679 882 1758 prohibet,
896 1701 955 1758 quo
973 1683 1070 1741 minus
1086 1663 1204 1761 longius
1222 1684 1254 1740 in
1271 1681 1372 1739 eadem

248 1786 439 1846 altereatione
468 1787 636 1855 morentur,
666 1787 712 1858 et,
740 1783 821 1860 quod
843 1786 1003 1842 maximum
1026 1789 1079 1858 est,
1103 1784 1299 1844 artificiosum
1317 1782 1373 1842 hoc

246 1908 387 1948 versuum
403 1905 496 1963 genua
507 1885 555 1944 hie
568 1903 686 1962 quoque
698 1891 834 1944 accurate
851 1891 996 1960 servatur,
1026 1887 1107 1964 quod
1124 1887 1372 1964 interpolatorem

247 1995 395 2052 facturum
418 1988 509 2047 fuisse
531 2008 592 2047 non
615 1991 659 2046 est
682 1985 831 2046 credibile.
867 1987 952 2047 Getta.
971 1989 1002 2046 in
1018 1991 1084 2049 Act.
1103 1989 1184 2067 Lips.
1198 1989 1247 2062 Vl,
1265 2009 1296 2066 p.
1311 1989 1371 2046 246

246 2095 301 2154 hos
318 2111 421 2151 versus
440 2095 509 2149 ente
527 2091 587 2148 423
605 2091 700 2167 pouit.
734 2090 770 2148 In
788 2092 885 2168 primo
903 2111 992 2150 versu
1009 2111 1124 2151 errores
1142 2091 1287 2152 tollendi:
1311 2105 1372 2168 qua

248 2198 319 2257 olim
336 2193 538 2264 emendatum
572 2207 655 2251 nunc
672 2213 738 2251 cum
756 2191 906 2270 Wagnero
924 2193 1095 2253 delevimus.
1125 2195 1212 2252 Both.
1232 2199 1263 2252 et
1280 2192 1370 2252 Weis.

251 2293 447 2376 „prohibes“;
464 2295 519 2354 sed
536 2293 714 2366 indicativus
730 2313 835 2353 vereor
851 2301 886 2354 ut
902 2295 973 2353 ferri
990 2297 1094 2371 possit,
1112 2297 1170 2354 nisi
1187 2296 1264 2354 forte
1280 2295 1371 2353 inter·
1459 2283 1460 2322 1

247 2401 404 2480 punxeris:
432 2397 529 2470 „Quid
552 2392 617 2455 est?
640 2397 705 2468 Qua
727 2391 803 2456 etc.“
827 2427 871 2438 -
892 2395 963 2456 428.
988 2393 1117 2476 sequius
1138 2399 1157 2457 i.
1176 2418 1202 2457 e.
1226 2399 1320 2474 peius,
1343 2417 1369 2456 v.

248 2503 360 2563 Colum.
372 2499 427 2573 111,
440 2501 469 2573 4,
484 2502 517 2558 3:
545 2499 666 2572 „melius
679 2519 716 2556 an
727 2493 877 2576 sequius“.
902 2497 1002 2558 Senec.
1014 2499 1117 2559 Benef.
1130 2500 1180 2574 vi,
1193 2503 1244 2572 42,
1258 2501 1293 2558 2;
1318 2519 1369 2571 „ne
1458 2563 1459 2568 1

248 2605 381 2664 homines
398 2601 435 2660 de
453 2622 501 2660 me
520 2603 641 2677 sequius
653 2597 844 2678 loquantur“.
874 2599 1055 2674 Liv.11,37,
1072 2605 1104 2661 3:
1132 2603 1274 2676 „Invitus
1294 2599 1370 2678 quod

248 2709 369 2783 sequius
391 2707 444 2776 sit,
476 2703 513 2762 de
535 2705 607 2761 meis
630 2703 743 2761 civibus
765 2701 901 2782 loquor“.
925 2733 968 2744 -
990 2703 1062 2763 430.
1091 2702 1244 2782 peruium
1265 2698 1370 2778 facilis

248 2810 318 2882 fuit,
354 2811 405 2885 qui
440 2805 612 2866 defenderet
645 2803 754 2864 collato
789 2805 858 2864 Tac.
887 2805 964 2865 Hist.
988 2805 1048 2879 ΠΙ,
1080 2809 1115 2867 8:
1152 2827 1208 2881 „ne
1238 2807 1368 2885 peruium
1457 2799 1458 2808 ’

247 2913 300 2970 illa
327 2911 513 2970 Gemanicis
542 2907 722 2967 exercitibus
750 2907 843 2981 foret,
878 2905 1081 2986 obsepserat“.
1147 2910 1192 2968 Ac
1219 2929 1292 2968 sana
1318 2907 1370 2964 hoo

247 3015 366 3074 mallem
401 3031 490 3090 quam
523 3009 661 3070 Turnsbo
697 3009 831 3083 credere,
872 3011 930 3069 dici
966 3013 1116 3088 „peruiam
1156 3015 1191 3070 ut
1224 3005 1367 3069 obuiam“.

248 3117 358 3176 Verum
388 3133 491 3174 sensus
520 3113 604 3172 aliud
632 3112 781 3190 postulat,
817 3133 851 3171 ac
878 3113 936 3172 nisi
958 3113 1075 3189 longius
1098 3113 1219 3172 acodd.
1245 3113 1368 3181 abesset,

248 3221 412 3295 reciperem
436 3215 517 3296 quod
540 3217 666 3274 coniecit
688 3214 842 3288 Mbllerus,
865 3214 910 3274 Pl.
931 3215 1012 3273 Pros.
1032 3235 1061 3292 p.
1081 3215 1142 3274 462
1166 3235 1225 3291 sq.:
1255 3233 1369 3292 „perve-

248 3317 400 3396 stigatis“.
463 3317 550 3390 Quod
583 3337 600 3376 a
632 3317 774 3394 singulari
807 3335 930 3375 numero
970 3317 1008 3375 ad
1045 3317 1190 3395 pluralem
1219 3317 1369 3386 transitur,
1455 3355 1456 3360 κ

248 3423 309 3482 vid.
334 3422 371 3480 ad
394 3420 502 3496 Amph.
526 3421 597 3479 959.
620 3449 663 3460 -
685 3419 757 3478 431.
791 3413 846 3478 lbi
868 3419 973 3497 scripsi
994 3437 1049 3495 pro
1071 3413 1125 3493 Id,
1159 3439 1229 3478 nam
1254 3419 1370 3477 demon·

249 3525 409 3584 strativum
443 3521 481 3581 ad
511 3521 668 3580 relativum
702 3519 983 3580 accommodandum
1017 3523 1076 3596 est,
1108 3521 1169 3580 vid.
1201 3521 1241 3579 ad
1267 3517 1368 3596 Amph.

253 3627 342 3686 1002.
388 3623 552 3683 Francken.
576 3624 693 3700 longius
716 3623 875 3682 abscessit:
913 3617 1031 3696 „Quidt
1056 3622 1097 3680 ibi
1119 3623 1176 3681 tibi
1199 3629 1266 3683 erat
1287 3639 1369 3696 nego·
1454 3617 1455 3624 '

248 3722 364 3787 tium'l“
389 3755 432 3767 —
455 3728 526 3786 432.
550 3725 673 3785 Hiatum
702 3729 770 3784 ente
797 3720 893 3785 babeo
922 3724 1080 3784 defendere
1109 3743 1168 3784 non
1192 3725 1302 3796 audeo,
1334 3721 1367 3782 cf.

248 3830 387 3907 Prolegg.
409 3849 438 3908 p.
464 3831 522 3887 221
549 3849 609 3906 sq.;
639 3827 745 3903 Wagn.
773 3824 865 3901 „hoc“
896 3825 1039 3902 addebat;
1074 3845 1129 3902 ego
1161 3823 1231 3903 „tu“
1264 3827 1367 3886 malim.

247 3931 375 3992 Franck.
403 3931 545 4004 „haberes
567 3925 676 3989 nunc“.
721 3925 835 4006 fossile,
863 3929 982 4002 fissum,
1013 3929 1049 3989 cf.
1074 3927 1186 3989 Colum.
1210 3929 1262 4004 IX,
1287 3933 1312 4000 1,
1334 3929 1365 3985 3:

252 4036 362 4112 „stipes
390 4029 520 4094 fissilis“.
555 4033 633 4092 infra
667 4033 737 4090 446.
784 4033 890 4109 caput,
926 4033 961 4092 cf.
992 4033 1063 4092 418.
1091 4061 1135 4074 -
1168 4035 1240 4092 433.
1273 4025 1362 4098 Adeo,

248 4136 354 4214 Wagn.
387 4133 475 4211 „At“‚
510 4135 577 4196 coll.
608 4135 676 4194 Ter.
705 4134 824 4194 Phorm.
852 4136 946 4194 1042:
990 4135 1101 4210 „Immo
1130 4141 1166 4194 nt
1193 4154 1284 4192 meam
1310 4131 1361 4187 ism

249 4241 324 4298 scias
342 4235 547 4299 sententiam“.
589 4237 647 4296 Sed
669 4237 780 4313 legitur
803 4239 893 4296 etiam
915 4237 960 4297 Pl.
978 4236 1146 4297 Budroe:
1175 4237 1275 4312 „Nunc
1294 4231 1359 4292 adeo

248 4360 345 4399 meam
367 4348 401 4400 ut
424 4343 500 4400 scias
524 4337 733 4412 sententiam“‚
756 4337 816 4398 vid.
840 4339 878 4398 ad
900 4339 1007 4417 Amph.
1032 4341 1103 4400 464.
