2916 5006
256 499 320 560 460
764 494 882 565 Oaptini.

256 689 419 766 ἄνθρωπίον
454 688 660 768 appellabant,
695 709 723 749 v.
759 689 868 749 Athen.
898 689 953 764 vl,
988 709 1016 767 p.
1042 691 1103 750 242
1132 709 1165 764 e,
1199 689 1277 749 unde
1304 689 1377 748 hunc

257 811 373 870 quoque
394 811 491 872 parva
512 797 628 852 statura
648 792 740 852 inisse
763 793 911 852 coniicias.

719 963 901 971 ——--—·-..-.-.
912 964 919 969 .

692 1085 952 1155 Argumentum

257 1222 454 1294 acrostichon,
477 1241 505 1280 r.
529 1219 646 1299 Proleg.
669 1241 699 1299 p.
726 1223 795 1282 150.
847 1221 905 1293 Qui
926 1207 982 1280 hoc
1006 1222 1174 1298 composuit
1195 1223 1379 1298 antiquitatis

256 1327 401 1396 imitator,
431 1316 594 1399 Capteiues'
617 1325 737 1402 scripsit
758 1325 888 1401 repetito
917 1323 1120 1402 diphthongo,
1151 1325 1204 1400 qui
1233 1343 1325 1402 quum
1352 1325 1380 1380 in

257 1429 364 1488 ultima
386 1425 499 1504 syllaba
523 1431 553 1486 et
574 1425 736 1486 Lucilianae
761 1427 820 1502 legi
845 1425 1082 1486 accommodatus
1104 1431 1150 1486 est
1172 1431 1204 1485 et
1226 1427 1380 1486 titulorum

256 1532 445 1607 antiquorum
474 1529 662 1602 auctoritati,
697 1531 728 1588 in
756 1529 878 1605 syllabis
906 1529 1080 1607 penultimae
1108 1529 1254 1588 similibus
1288 1529 1380 1587 rarius

257 1635 397 1694 occurrit.
428 1661 471 1672 -·
506 1634 532 1691 1.
572 1625 691 1707 Captus
720 1633 769 1692 est
795 1631 881 1692 codd.
911 1636 946 1690 nt
974 1631 1037 1691 iere
1066 1651 1201 1710 semper,
1236 1651 1292 1690 uos
1320 1649 1381 1690 cum

255 1735 407 1814 plerisque
439 1734 603 1794 editoribus
637 1737 762 1794 iunctim
790 1735 977 1814 scripsimus,
1017 1733 1068 1792 ubi
1100 1734 1227 1792 iunctim
1254 1753 1380 1810 pronun·

256 1838 391 1897 tiendum
416 1843 476 1911 est,
509 1857 562 1896 nec
584 1839 615 1896 in
643 1840 792 1897 varietate
820 1838 976 1914 scripturae
1005 1835 1060 1896 hoc
1082 1837 1210 1914 amplius
1235 1835 1379 1895 affaretur.
1448 1869 1449 1898 l

257 1941 328 2000 Post
349 1955 459 2017 pugna
490 1939 591 1999 hiatus
619 1942 650 1998 in
678 1961 804 2014 caesura,
838 1940 875 2000 cf.
904 1939 1038 1999 Studem.
1069 1937 1170 1998 Herm.
1193 1939 1224 2014 I,
1257 1959 1289 2016 p.
1313 1940 1379 1998 309.
1448 1905 1449 1996 l

256 2075 297 2086 -
328 2046 357 2103 2.
381 2037 506 2116 Aliter,
541 2045 561 2102 i.
586 2063 612 2102 a.
642 2044 784 2116 altarum,
820 2043 855 2102 cl.
884 2061 912 2101 v.
937 2045 965 2102 9.
997 2071 1034 2084 -
1066 2038 1266 2120 quadrimum
1300 2063 1335 2100 ax
1364 2043 1379 2098 8

257 2153 287 2206 et
310 2147 381 2205 754.
404 2175 448 2185 -
479 2147 506 2204 3.
542 2142 681 2220 captiuos
704 2145 942 2216 commercatus,
971 2165 999 2204 v.
1027 2146 1097 2205 100.
1149 2139 1263 2219 Aleos,
1287 2143 1379 2214 Eleos,

258 2271 283 2310 v.
310 2249 395 2326 (lapt.
416 2249 467 2307 2⁷.
489 2277 532 2288 -
555 2250 584 2306 4.
608 2247 718 2307 Versus
741 2247 903 2321 claudicat;
926 2247 1089 2307 Lambinus
1112 2253 1246 2307 extremo
1269 2247 1382 2308 addidit

262 2349 403 2424 „suum“;
432 2352 529 2428 possis
551 2351 638 2409 etiam
665 2346 758 2424 „sibi“
786 2349 909 2424 addere,
939 2357 991 2409 aut
1012 2357 1046 2408 nt
1067 2351 1187 2411 Mulier.
1215 2347 1379 2426 „domnm“.

256 2455 417 2528 Bragman.
442 2459 473 2511 et
495 2453 583 2512 Brix:
624 2461 767 2528 ,gnatum
790 2459 907 2531 ceptum
932 2450 1118 2532 recuparet“.
1143 2485 1185 2494 -
1216 2457 1244 2513 5.
1273 2447 1318 2513 Et
1338 2447 1381 2512 iti

257 2557 393 2615 Bmann
415 2557 529 2633 prima;
563 2557 693 2616 secunda
719 2551 754 2616 in
775 2557 1001 2636 suprascripsit,
1032 2561 1063 2614 et
1084 2555 1110 2614 D
1134 2561 1164 2615 et
1186 2555 1215 2615 I:
1254 2552 1378 2632 „inibi“;
1447 2617 1448 2640 ,

258 2655 294 2718 ire
314 2653 384 2716 ibus
407 2677 462 2715 em.
486 2655 646 2732 Gulielm,
671 2678 699 2718 v.
723 2659 762 2718 ad
785 2659 869 2719 Cure.
895 2661 966 2720 506.
999 2689 1036 2700 -—
1068 2661 1096 2718 7.
1125 2673 1237 2733 uorsa,
1261 2665 1379 2719 mutata.

258 2791 302 2802 -
324 2763 353 2819 7.
383 2753 424 2821 Ut
445 2756 617 2834 amittatur,
641 2781 668 2820 v.
692 2761 777 2840 Gapt.
800 2763 848 2822 36.
894 2761 1118 2840 Oppositionem
1140 2765 1265 2840 propria
1287 2763 1378 2838 requi·

258 2885 341 2937 rere,
376 2869 410 2923 nt
440 2859 526 2938 „ille“
559 2863 733 2938 adderetur,
771 2864 982 2924 animadvertit
1009 2863 1090 2925 Brix.
1124 2893 1166 2903 -
1201 2865 1230 2923 8.
1260 2857 1379 2924 Indicio

261 2963 387 3046 quoire,
423 2966 460 3024 cf.
489 2965 561 3041 Arg.
586 2965 670 3027 Cure.
696 2970 729 3028 8:
774 2965 907 3040 „Ornatu
935 2965 1073 3043 quoius“.
1127 2965 1218 3044 Apud
1247 2967 1378 3026 Plautum

258 3074 356 3151 ipsum
379 3069 449 3128 talis
476 3067 634 3127 verborum
657 3071 730 3128 ordo
752 3089 812 3129 non
830 3071 989 3142 invenitur,
1014 3089 1046 3127 ac
1065 3068 1196 3128 dubitari
1214 3075 1321 3147 potest,
1344 3089 1377 3126 an

257 3181 387 3251 utroque
419 3172 486 3230 loco
523 3191 600 3248 „que
634 3169 714 3230 eins“
752 3175 895 3251 scriptum
930 3171 1030 3231 inerit.
1090 3169 1211 3232 Lucret.
1242 3171 1271 3244 I,
1309 3171 1377 3229 149:

189 3269 191 3274 ¹
263 3277 464 3354 „Principium
488 3269 602 3334 cuius“.

738 3549 913 3617 Prologus

261 3667 456 3746 Captivorum
483 3687 543 3726 non
571 3667 609 3726 ab
637 3669 704 3746 ipso
727 3667 835 3727 Plauto
865 3671 1053 3745 conscriptus
1082 3667 1219 3742 videtur,
1254 3668 1305 3727 sed
1330 3667 1375 3724 ali·

261 3776 374 3850 quanto
386 3776 456 3848 post
467 3771 530 3828 aius
543 3775 670 3843 estatem,
689 3791 780 3848 quum
797 3771 899 3830 fabula
917 3770 1016 3831 denno
1034 3771 1132 3830 relata
1148 3777 1204 3845 est,
1227 3791 1255 3831 v.
1267 3771 1374 3844 Proleg.

260 3895 290 3953 p.
317 3875 386 3933 163.
431 3871 475 3931 De
498 3891 625 3948 persona
645 3873 766 3951 prologi
788 3893 816 3932 v.
840 3873 879 3934 sd
901 3874 1020 3934 Asinar.
1048 3875 1073 3932 l.

350 3977 375 4034 l.
409 3973 526 4033 Fabula
554 3977 656 4055 agitur
683 3981 751 4034 ante
780 3976 922 4054 Hegionis
951 3976 1038 4036 aedes.
1100 3977 1146 4034 lbi
1175 3978 1286 4054 captivi
1314 3975 1373 4044 duo,

261 4099 335 4157 quos
357 4097 455 4156 nuper
477 4081 561 4150 emit,
585 4077 774 4136 Philocrates
798 4085 829 4136 et
850 4078 1021 4154 Tyndarus,
1050 4080 1142 4137 vincti
1166 4079 1295 4137 adstant.
1334 4073 1373 4134 ab
1445 4157 1446 4164 ἵ

261 4181 306 4239 his
328 4181 470 4258 prologus
494 4185 700 4257 argumentum
730 4181 841 4240 fabula
870 4187 1045 4240 narraturus
1072 4183 1194 4240 initium
1216 4181 1299 4254 iacit,
1330 4197 1371 4236 eo·

261 4303 386 4359 rumque
417 4283 540 4341 alterins
563 4281 726 4358 Hegionem
756 4289 870 4360 patrem
895 4303 958 4341 esse
981 4283 1063 4343 dicit.
1118 4278 1186 4343 Hos
1214 4299 1304 4362 quos;
1328 4279 1371 4337 ds·

262 4387 490 4444 monstrativum
528 4403 691 4462 pronomen
727 4385 764 4444 ad
797 4386 954 4444 relativum
997 4387 1251 4456 accommodatur,
1291 4405 1316 4443 v.
1340 4378 1371 4438 ad
