2956 5010
546 499 569 551 v
597 499 739 552 scr-992.
1146 509 1206 569 521

82 696 222 756 Lindem.
241 695 286 754 Fl.
305 695 365 764 Br.,
389 694 474 765 mele,
498 694 534 752 cl.
557 697 646 755 1008.
665 725 707 736 -·-
730 701 801 758 978.
834 692 916 774 Quid
937 696 1003 756 erat
1025 695 1053 756 ei
1074 698 1211 758 nornen?

82 821 111 858 v.
143 799 181 858 dd
216 799 324 875 Amph,
360 800 430 860 300.
464 825 507 836 ····
547 796 617 856 9⁷9.
655 793 842 877 Paegnium,
877 804 1015 876 sciptor,
1051 799 1210 874 ludicrum,

84 905 273 978 aptissimum
314 909 438 979 parvulo
483 929 576 988 puero
614 924 737 976 nomen,
781 903 923 960 adultiori
968 902 1049 960 eliud
1094 905 1209 979 imponi

83 1007 195 1082 potuit.
262 1005 375 1068 Nomen
415 1033 451 1072 ex
485 1015 575 1076 Parsa
607 1009 706 1068 Plauti
739 1011 842 1064 notum
878 1011 932 1064 est.
967 1035 1009 1060 -r
1046 999 1212 1064 indidistis.

84 1103 235 1184 Tyndaro
263 1131 301 1170 sc.
331 1116 358 1172 ei
388 1135 503 1176 nomen.
539 1147 581 1160 -
610 1117 681 1176 981.
717 1106 811 1172 nihili
838 1109 984 1168 Gruterus
1014 1129 1068 1166 em.
1093 1107 1208 1166 Morem

82 1213 236 1272 hominum
260 1235 324 1272 esee
346 1219 397 1288 ait,
421 1227 455 1276 ut
472 1242 520 1279 eos
537 1225 689 1298 ignorent,
713 1233 839 1292 quornm
863 1213 959 1288 grstia
983 1209 1093 1268 nullius
1115 1216 1208 1287 pretii

83 1316 134 1371 sit.
158 1343 201 1354 --
224 1317 295 1375 983.
318 1314 395 1378 midi
416 1328 612 1397 posteriorem
634 1319 784 1398 producit.
829 1315 874 1375 Fi.
901 1311 1085 1388 „mihimet“.
1131 1315 1206 1378 Num

82 1419 163 1488 istic,
187 1419 294 1494 inquit,
318 1441 404 1497 quem
428 1427 599 1498 vendidisti,
623 1423 736 1492 isfuit,
760 1421 812 1495 qui
834 1419 906 1476 mihi
930 1419 1019 1476 datus
1042 1415 1109 1478 est?
1138 1422 1208 1492 Qun

82 1521 116 1576 in
146 1519 232 1578 codd.
261 1521 306 1578 his
336 1525 499 1600 adduntur,
535 1523 628 1588 deeius
657 1519 761 1600 filius,
790 1519 956 1580 Brunckins
984 1519 1133 1598 Stalagmo
1155 1526 1210 1582 tri·

83 1621 164 1694 buit,
195 1643 246 1680 nec
275 1630 427 1702 responsio
450 1629 551 1688 abesse
574 1647 661 1706 posse
683 1626 811 1684 videtur.
843 1653 878 1686 -.
911 1625 982 1681 984.
1016 1618 1076 1683 Nil
1099 1624 1211 1686 curaui

84 1723 228 1784 celerem.
274 1726 306 1785 In
335 1729 383 1787 iiis
406 1729 522 1791 Brixins
552 1737 632 1790 recte
661 1727 872 1788 animadvertit
899 1720 947 1784 m'l
973 1746 1029 1802 pro
1052 1747 1112 1784 non
1134 1749 1212 1802 esse,

84 1825 219 1886 ceterum
247 1829 358 1889 obiecti
386 1832 481 1892 locum
505 1843 620 1906 tenere,
661 1833 696 1891 ci.
720 1831 797 1888 Men.
823 1831 898 1886 221:
935 1833 1082 1900 „ceterum
1106 1829 1210 1891 cure“.

84 1927 165 1986 Rud.
182 1927 276 1989 1224:
304 1933 434 2004 ,adorno
457 1942 585 1995 ceterum
609 1934 690 2012 quod
712 1951 785 2009 opus
806 1928 880 1988 est“.
915 1929 995 1988 Pers.
1010 1931 1085 1988 707:
1113 1932 1209 2004 „Num

85 2030 160 2106 quid
195 2027 322 2092 ceterum
356 2037 489 2096 uoltis?“
539 2021 605 2097 Cas.
630 2039 685 2096 94:
724 2033 855 2108 ,Dehinc
887 2033 1014 2090 conicito
1048 2034 1208 2110 ceterum“,

85 2133 154 2192 coll.
179 2133 244 2192 Ter.
269 2135 490 2224 Phormldd:
517 2149 569 2214 ,tu
593 2141 718 2199 conicito
742 2141 840 2194 cetere
863 2133 937 2194 etc.“
963 2163 1006 2175 -·
1029 2139 1099 2195 985.
1127 2131 1211 2212 Quid

86 2238 122 2295 tu
145 2232 214 2295 aie?
258 2238 457 2299 Philocratem
481 2243 653 2320 alloquitur.
682 2271 724 2280 —
754 2242 824 2298 986.
855 2238 1039 2314 argumento
1062 2233 1208 2316 loquitur,

84 2339 123 2398 ci.
152 2339 260 2415 Amph.
296 2343 385 2400 1103.
446 2344 521 2402 Rnd.
558 2347 653 2404 118οι
693 2342 893 2417 „argumentis
925 2359 986 2397 rem
1020 2341 1208 2418 exquirere“.

83 2441 174 2500 Troe.
196 2443 270 2501 504:
297 2444 352 2515 „de
375 2444 586 2522 argumentis“.
603 2475 645 2490 -·
669 2447 740 2504 987.
764 2439 838 2502 bone
852 2438 1034 2519 pudiceque.
1069 2444 1117 2503 Br.
1141 2465 1208 2506 con·

88 2547 149 2604 fert
177 2546 284 2622 Amph.
310 2547 380 2605 345.
431 2547 515 2607 Cure.
542 2551 611 2607 517.
663 2547 734 2605 Cist.
762 2549 830 2605 170.
855 2573 892 2586 --
920 2547 991 2606 988.
1015 2561 1073 2606 uos
1096 2547 1209 2609 Cemer.

89 2647 159 2706 edd.
178 2677 221 2688 -
239 2650 310 2708 989.
334 2647 458 2708 Causam
481 2651 592 2722 attulit,
617 2670 669 2709 cur
686 2651 774 2708 miser
790 2651 843 2720 sit;
867 2649 1049 2708 fortunatum
1068 2669 1130 2708 esse
1148 2647 1214 2710 filio

87 2752 223 2824 invento,
247 2751 333 2808 facile
355 2752 543 2829 intelligitur.
595 2751 657 2812 Neo
678 2759 777 2810 tamen
800 2750 899 2808 Plauti
921 2771 981 2808 non
1009 2752 1105 2810 simile
1133 2760 1211 2813 esset

88 2854 177 2910 hnins
201 2872 318 2929 qnoque
341 2873 458 2912 cansam
480 2855 585 2914 afferre
608 2853 669 2923 (Br.
684 2854 811 2912 contulit
829 2854 911 2912 Trin.
928 2855 1007 2911 1169
1026 2851 1094 2930 sq.),
1119 2875 1211 2932 quare

89 2953 261 3032 Geppertus
272 2975 389 3014 versum
403 2957 550 3015 excidisse
566 2960 693 3032 putavit,
712 2956 809 3014 velut:
838 2939 1045 3027 ,Fortunatus
1070 2959 1210 3033 qnoniam

87 3058 207 3128 inueni,
240 3077 327 3132 quem
356 3077 410 3135 ego
437 3079 562 3137 puerum
584 3053 733 3136 perdidi“.
778 3057 873 3115 Tanto
896 3057 1014 3116 facilius
1036 3079 1139 3117 versus
1162 3079 1211 3118 ex·

51 3221 53 3224 ,
87 3160 189 3218 cidere
211 3163 325 3237 potuit,
355 3165 380 3220 si
403 3163 440 3220 ab
464 3163 566 3220 eodem
589 3160 731 3219 vocabulo
753 3161 872 3234 incepit,
896 3159 992 3219 velut:
1030 3159 1093 3234 „Eo
1116 3162 1211 3220 tortu-

88 3269 187 3332 natus,
209 3262 289 3338 quod
308 3269 437 3340 gnatum,
456 3285 544 3340 quem
562 3263 760 3342 perdideram,
780 3259 930 3338 repperi“.
948 3291 991 3301 -
1014 3263 1084 3321 900.
1109 3279 1210 3339 quom,

88 3385 115 3425 s.
140 3365 182 3423 ad·
201 3366 310 3442 Amph.
334 3367 405 3426 746.
462 3367 541 3428 Brix.
567 3367 644 3426 conf.
668 3364 757 3423 Poen.
783 3365 860 3422 794:
897 3361 1015 3437 ,Eheu,
1044 3385 1133 3442 quom
1157 3385 1213 3443 ego

87 3467 181 3526 hebui
206 3468 315 3526 ariolos
337 3465 537 3545 haruspices“.
583 3469 662 3527 Men.
685 3469 754 3526 300.
800 3466 863 3525 Mil.
890 3469 980 3525 1349.
1025 3466 1092 3526 Ter.
1116 3468 1208 3528 Andr.

90 3571 166 3628 622:
205 3569 260 3640 ,Ei
282 3570 364 3641 mihi,
388 3569 507 3646 quom“.
554 3572 712 3644 Queritnr,
748 3570 828 3646 quod
852 3564 928 3644 plus
958 3569 1027 3626 mali
1048 3565 1212 3648 minsa-sque

87 3674 160 3732 boni
183 3671 246 3730 filio
269 3672 388 3744 fecerit,
421 3674 456 3732 ci.
480 3675 578 3732 Aului.
603 3675 681 3732 416:
719 3673 807 3748 ,qnia
830 3674 939 3742 minus,
971 3692 1057 3750 quarn
1087 3692 1212 3749 aequom

88 3783 170 3846 erat,
200 3771 288 3833 ieci“.
344 3775 424 3834 Brix.
447 3781 577 3852 utroque
604 3778 668 3835 loco
701 3795 808 3851 „quam
836 3795 882 3833 me
912 3772 1054 3850 ιιοιῃιοιτιιι
1081 3777 1209 3852 scripsit.

89 3879 146 3936 Hic
164 3863 284 3954 quidem
302 3877 444 3953 syllabam
463 3879 608 3937 excidisse
626 3883 758 3955 apparet.
793 3877 880 3936 Both.
897 3875 1062 3953 „quamde“
1083 3879 1210 3955 scripsit,

89 3981 126 4040 ci.
150 3979 232 4039 Fosi.
260 4000 290 4057 p.
321 3983 391 4040 261.
437 3981 571 4038 Lindem.
596 3981 657 4038 F1.:
695 3980 768 4052 ,feci
791 3977 867 4038 illi“.
912 3979 1064 4056 Spengel:
1103 3999 1210 4055 ,quem

89 4079 197 4160 qnee“.
220 4113 263 4122 -
286 4085 356 4141 991.
386 4080 478 4142 modo
501 4079 543 4153 si,
572 4089 607 4141 ut
629 4081 798 4142 Graecorum
821 4087 904 4156 μόνον
926 4083 950 4140 si
972 4101 1036 4141 cum
1060 4083 1214 4159 optativo,

89 4186 127 4245 cf.
150 4186 259 4244 Pseud.
284 4188 361 4244 98οε
396 4207 521 4256 „nomen
544 4189 568 4244 si
594 4193 735 4244 memoret
756 4185 873 4244 modo“.
918 4187 1015 4246 100οε
1048 4188 1089 4258 „si
1113 4191 1213 4244 taceas

89 4285 209 4348 modo“.
233 4317 274 4328 -·-
303 4291 374 4347 992.
405 4289 542 4359 ornatore,
572 4309 599 4345 v.
624 4289 659 4346 nd
683 4273 750 4348 sil.
776 4291 846 4348 713.
892 4290 1011 4348 Catenis
1040 4297 1137 4346 certem
1167 4295 1217 4346 est

88 4395 237 4460 oneratus,
260 4411 287 4449 v.
309 4393 389 4450 1020
407 4411 450 4466 sq.
474 4421 508 4432 ·-
530 4387 616 4450 dated
637 4407 675 4449 ecc
697 4399 726 4448 et
743 4391 853 4449 Perens
877 4399 907 4448 et
930 4393 981 4450 elii
1006 4391 1214 4449 emendarunt.
