2960 5012
61 533 215 603 tues-te
527 531 691 588 Bsoohides.

540 719 672 803 Lydus

60 831 147 897 lnmo
169 852 276 916 neque
298 829 435 896 habebis
456 849 563 913 nequo
586 831 700 894 sinam.
744 827 760 892 I
782 849 912 894 rursum
934 827 1076 894 domum.

480 937 737 1004 Pistoclerus

61 1049 182 1128 Omitte,
205 1048 304 1134 Lyde,
326 1069 365 1114 oe
389 1068 470 1112 osus
492 1046 588 1112 malo.

538 1154 674 1240 Lydus

631 1260 726 1340 Quid,
751 1281 831 1326 osne
853 1261 961 1326 melo?
1120 1279 1169 1332 145

482 1387 734 1454 Pistoclerus

57 1495 119 1561 Iam
140 1498 280 1562 excessit
301 1497 346 1561 mi
368 1503 459 1561 aetas
484 1517 523 1560 ex
545 1495 735 1579 magisterio
758 1499 825 1560 tuo.

542 1625 673 1710 Lydus

59 1733 82 1798 0
103 1735 302 1815 barathrum,
324 1735 382 1800 ubi
404 1756 491 1800 nunc
514 1735 570 1799 es?
593 1740 630 1799 ut
652 1755 712 1816 ego
735 1742 768 1798 te
791 1754 945 1826 usurpem
968 1732 1099 1798 lubens!
1214 1793 1217 1800 .

61 1841 152 1907 L'ideo
174 1845 239 1908 ism
262 1843 364 1908 nimio
386 1842 490 1907 multo
513 1842 598 1926 plus,
622 1863 721 1925 quam
744 1841 922 1906 nolueram.

61 1948 175 2016 Uixisss
196 1952 298 2016 nimio
323 1951 446 2016 satiust
467 1952 533 2014 ism
557 1973 654 2034 quam
676 1951 798 2015 uiuere.

59 2057 228 2140 Magistros
251 2078 447 2142 quemquam
472 2057 669 2142 discipulum
691 2058 896 2122 minitarier?
1124 2075 1173 2127 150

61 2163 153 2246 [Nihil
174 2189 285 2233 moror
307 2166 485 2251 discipulos
508 2166 587 2231 mihi
610 2187 682 2232 esse
704 2167 770 2231 iem
793 2167 907 2248 plenos
931 2163 1123 2248 sanguinis]

23 2259 26 2269 ¹
61 2273 168 2340 Ualens
190 2275 339 2341 adflictat
362 2297 412 2340 me
435 2277 588 2340 uaciuom
611 2275 739 2342 uirium.

481 2405 738 2470 Pistoclerus

62 2511 153 2591 Fiam,
174 2522 212 2580 ut
237 2533 298 2596 ego
322 2515 448 2598 opinor,
472 2513 640 2593 Hercules,
662 2519 700 2578 tn
723 2519 832 2578 autem
857 2512 968 2577 Linus.

548 2643 574 2709 L
609 2645 681 2710 dus

19 2727 22 2740 ¹
63 2749 116 2816 Pol
136 2762 243 2819 metuo
267 2755 381 2838 magis,
404 2775 444 2818 ne
468 2667 614 2817 Phoenix
637 2753 704 2818 tuis
728 2752 826 2817 iactis
850 2725 939 2816 suain

63 2858 162 2944 Teque
185 2862 227 2927 ud
249 2869 379 2946 patrem
402 2882 473 2926 esse
497 2869 661 2926 mortuum
682 2861 877 2925 renuntiem.

490 2991 748 3058 Pistoclerus

63 3098 143 3167 Satis
164 3103 417 3168 historiarumst.

550 3208 682 3292 Lydus

467 3317 528 3382 Hie
551 3317 662 3382 uereri
685 3315 838 3398 perdidit.

68 3421 279 3510 conpendium
303 3425 419 3508 edepol
442 3425 530 3490 haud
554 3425 656 3490 aetati
679 3421 824 3508 optabile

68 3529 184 3614 Fecisti,
206 3554 306 3618 quom
329 3537 434 3599 istane
456 3533 625 3598 nanetus’s
647 3529 882 3616 inpudentiam.

68 3637 190 3708 Occisus
212 3643 266 3707 hio
288 3641 429 3708 homost.
475 3641 603 3724 Ecquid
626 3643 660 3706 in
683 3646 857 3705 mentemst
880 3637 950 3718 tibi,

69 3745 186 3816 Patrem
207 3751 270 3816 tibi
293 3751 389 3816 esse?

488 3857 749 3922 Pistoclerus

455 3965 530 4031 Tibi
551 3987 611 4050 ego
634 3987 677 4030 sn
698 3973 735 4030 tu
757 3965 838 4030 mihi
860 3985 974 4038 seruos
997 3964 1053 4029 os?
1133 3977 1181 4030 160

132 4246 178 4297 144
193 4246 280 4299 itm-us
299 4261 360 4297 sum
379 4243 493 4298 domum
563 4246 611 4298 149
630 4243 719 4297 socius
738 4249 781 4296 est
842 4243 892 4296 152
909 4239 1072 4295 uuouumO
1131 4239 1180 4292 153

75 4329 141 4380 utet
157 4330 247 4400 θεοῦ
307 4333 357 4384 154
375 4329 496 4384 susmG
556 4333 604 4383 157
623 4328 804 4398 Compedium
865 4325 956 4382 autC
1015 4327 1063 4378 158
1081 4329 1180 4378 nactus

78 4410 117 4466 159
133 4419 159 4468 et
175 4417 238 4484 quid
256 4417 286 4470 in
303 4421 398 4470 mente
417 4415 502 4470 sstO
571 4417 619 4469 160
636 4431 689 4484 ego
708 4419 757 4468 eut
773 4420 806 4467 tu
822 4413 849 4468 B
