2960 5012
92 481 134 549 iu,
144 482 166 550 5,
177 483 256 536 1-ac
559 481 711 536 Aulularia.

271 771 537 839 MEGADORUS
560 773 725 848 EUCLIO,
751 764 884 840 SENES
908 773 1005 841 DUO.

518 927 759 1009 Megadorus
876 935 880 944 ’

93 1032 217 1099 Narraui
239 1037 355 1100 amicis
378 1037 492 1101 multis
516 1035 688 1100 consilium
711 1059 820 1101 meum

92 1141 132 1206 De
153 1145 338 1209 condicione
361 1145 425 1208 hac
448 1144 614 1209 Euclionis
637 1143 738 1225 filiae;

94 1250 229 1317 Laudant
251 1254 418 1341 sapienter
440 1253 562 1317 iactum
587 1260 621 1318 et
643 1253 780 1319 oonsilio
802 1254 898 1319 bono.

91 1357 171 1438 Nam,
193 1382 264 1426 meo
288 1362 420 1443 quidem
444 1363 563 1440 animo,
588 1363 614 1426 si
637 1363 724 1427 idem
746 1360 871 1427 faciant
894 1361 993 1426 ceteri
1150 1380 1202 1431 470

90 1465 318 1549 opulentiores,
342 1471 573 1553 pauperiorum
596 1469 682 1536 filias

92 1574 127 1638 Ut
148 1577 312 1642 indotatas
337 1578 459 1642 ducant
479 1601 599 1643 uxores
623 1578 764 1658 domum,

91 1683 127 1746 nt
147 1688 246 1750 multo
268 1685 327 1750 fiat
349 1687 466 1751 ciuitas
490 1687 691 1766 concordior,

91 1794 126 1856 Et
147 1796 268 1860 inuidia
290 1816 350 1859 nos
373 1796 498 1860 minore
520 1801 660 1876 utamur,
684 1817 781 1877 qnam
802 1797 934 1874 utimur,

92 1903 127 1966 Et
146 1905 220 1969 illae
243 1903 363 1967 malam
385 1924 455 1966 rem
478 1909 637 1982 metuant,
661 1925 758 1986 quam
784 1909 944 1984 metuunt,
967 1905 1080 1984 magis,
1152 1919 1204 1971 475

91 2011 127 2074 Et
146 2035 202 2077 nos
227 2013 349 2076 minore
374 2016 505 2094 sumptu
531 2013 642 2092 simne,
665 2033 764 2093 quam
787 2033 907 2076 sumus.

89 2118 120 2180 In
143 2141 325 2184 maxumam
347 2119 426 2183 illuc
450 2121 561 2202 populi
584 2127 744 2204 partemst
767 2126 948 2202 optumum,

89 2225 121 2289 Iu
142 2229 310 2310 pauciores
333 2225 449 2292 auidos
473 2229 688 2308 altercetiost‚

90 2333 225 2410 Quorum
248 2337 365 2401 animis
389 2337 493 2400 auidis
517 2341 617 2419 atque
640 2335 887 2401 insatietatibus

91 2441 194 2526 dieque
217 2445 268 2510 lex
292 2465 398 2526 neque
422 2445 551 2526 sutor†
571 2466 688 2528 capere
712 2451 763 2510 est
787 2445 842 2528 qui
865 2445 971 2528 possit
994 2444 1135 2508 modum.
1154 2461 1207 2514 480

91 2549 229 2634 Namque
252 2553 315 2618 hoo
338 2555 395 2635 qui
419 2553 524 2617 dieat:
550 2551 620 2629 Quo
642 2554 719 2618 illae
743 2553 868 2618 nubent
891 2552 1011 2617 diuites

91 2658 229 2740 Dotatae,
253 2663 280 2726 si
303 2659 393 2725 istud
416 2663 467 2726 ius
491 2662 692 2744 pauperibus
715 2661 871 2744 ponitur?

87 2767 152 2844 Quo
175 2771 294 2850 lubeat,
316 2769 451 2849 nubant,
475 2770 551 2833 dum
575 2770 633 2834 dos
658 2791 698 2834 ne
721 2767 780 2833 fiat
804 2789 922 2834 comes.

89 2875 150 2940 Hoc
173 2881 199 2942 si
222 2881 269 2943 ita
292 2877 357 2956 fiat,
381 2899 490 2942 mores
513 2877 664 2942 meliores
689 2879 751 2943 sibi

88 2983 201 3051 Parent
222 3008 281 3070 pro
306 2985 383 3050 dote
406 3007 488 3070 quos
511 2985 628 3066 ferant,
653 3007 751 3068 quam
773 2985 1000 3050 nunciarunt.
1154 3001 1206 3069 485

86 3091 149 3173 Ego
170 3093 280 3173 faxim,
304 3095 393 3172 muli,
416 3095 522 3177 pretio
545 3095 600 3174 qui
624 3100 783 3178 superant
806 3113 916 3174 equos,

85 3200 152 3265 Sint
173 3205 304 3267 uiliores
329 3202 467 3266 Gallicis
492 3203 680 3267 cantheriis.

569 3343 711 3409 Euclio

87 3449 133 3516 lta
154 3475 204 3518 me
226 3454 259 3517 di
282 3453 449 3549 amabunt,
473 3459 511 3517 ut
535 3473 594 3534 ego
618 3453 704 3518 hunc
727 3452 875 3518 ausculto
899 3451 1030 3532 lubens3

85 3557 184 3625 Nimis
206 3561 312 3645 lepide
335 3561 414 3625 fecit
436 3561 540 3626 uerba
562 3562 604 3626 ad
627 3562 872 3646 parsimoniam.

519 3704 762 3787 Megadorus

85 3807 179 3875 Nulla
201 3834 274 3895 ergo
299 3812 405 3876 dieat:
430 3811 591 3896 Equidem
615 3813 724 3876 dotem
748 3811 789 3876 ad
812 3819 845 3876 tc
869 3809 974 3876 adtuli
1151 3811 1203 3879 490

85 3917 233 3984 Maiorem
257 3920 369 4000 multo,
393 3941 491 4002 quam
513 3919 574 3985 tibi
598 3926 670 3984 erat
693 3921 847 4002 pecunia3

85 4025 176 4090 Enim
199 4029 274 4092 mihi
298 4017 429 4110 quidem
453 4035 624 4110 aequomst-
647 4050 826 4112 purpuram
855 4034 955 4109 atque
979 4047 1097 4090 aurum
1120 4025 1201 4104 dari,

148 4281 199 4332 roe
215 4279 297 4334 olim
356 4283 408 4335 474
424 4282 532 4336 minore
550 4300 602 4336 nos
661 4285 712 4338 475
730 4283 767 4337 ua
784 4253 833 4338 me'
888 4283 939 4335 477
957 4280 1092 4350 optimam
1148 4281 1200 4334 477

84 4363 218 4428 paucioris
273 4369 325 4421 482
342 4367 449 4421 Dotata
466 4385 495 4422 er
513 4368 589 4422 istud
608 4368 649 4422 nis
702 4372 753 4423 483
770 4369 886 4422 iubeant
938 4368 989 4420 487
1008 4365 1086 4420 Sient

980 4469 996 4522 3
