2922 5006
99 509 135 580 11,
145 513 169 580 3,
178 513 282 566 eia-55
596 511 733 566 Curculio.

522 701 798 767 Phaedromus

96 798 196 874 Iinmo
220 811 248 875 si
273 812 368 892 scias,
391 809 549 897 reliquiae
572 831 657 894 quae
681 812 755 875 sint.

567 917 760 984 Curculio

799 1025 889 1092 Scire
911 1028 1007 1092 nimis
1029 1028 1131 1108 lubet,

94 1135 157 1202 Ubi
181 1137 284 1218 sient;
307 1157 383 1201 nam
405 1135 470 1201 illis
494 1137 664 1201 conuentis
686 1157 765 1202 sane
789 1157 871 1220 opus
895 1143 946 1202 est
962 1137 1043 1202 meis
1060 1136 1223 1202 dentibus.

523 1244 800 1310 Phaedromus

92 1353 243 1434 Pernam,
267 1353 438 1436 abdomen,
461 1375 575 1420 sumen
599 1375 717 1434 sumes,
740 1352 918 1436 glandium.

145 1466 149 1472 ’
567 1461 759 1527 Curculio

787 1571 851 1636 Ain
872 1571 934 1636 tu?
980 1569 1098 1638 Omnia
1120 1571 1225 1636 haee?

91 1680 128 1745 In
154 1681 310 1746 carnario
333 1679 475 1746 fortasse
497 1679 590 1744 dieis.

516 1787 798 1854 Phaedromus

652 1897 756 1962 Immo
777 1898 811 1962 in
836 1896 995 1962 lancibus.

89 2004 186 2082 Quae
209 2005 271 2070 tibi
295 2011 370 2072 sunt
392 2012 522 2090 parata,
544 2012 721 2090 postquam
744 2007 864 2072 seimus
887 2010 1072 2070 uenturum.

566 2112 758 2179 Curculio

1062 2220 1155 2302 Uide,
1174 2238 1224 2292 325

88 2329 138 2395 Ne
162 2351 218 2395 me
241 2329 348 2396 ludas.

523 2438 802 2505 Phaedromus

192 2546 246 2611 Ita
268 2567 319 2610 me
343 2546 477 2628 amabit,
501 2567 601 2628 quam
624 2570 684 2632 ego
708 2570 792 2628 amo,
817 2553 854 2612 ut
878 2567 938 2630 ego
960 2545 1051 2636 hand
1074 2547 1225 2612 mentior.

88 2655 155 2720 Sed
183 2655 274 2736 quod
295 2659 328 2720 te
349 2655 433 2734 misi,
456 2655 558 2722 nihilo
583 2678 654 2722 sum
678 2659 807 2722 certior.

567 2764 758 2831 Curculio

844 2873 935 2938 Nihil
956 2871 1071 2938 adtuli.

525 2979 804 3046 Phaedromus

85 3088 274 3156 Perdidisti
298 3109 359 3154 me.

563 3195 763 3262 Curculio

387 3304 539 3370 Inuenire
562 3327 707 3389 possum,
733 3305 760 3371 si
783 3305 863 3370 mihi
887 3325 1022 3390 operam
1045 3304 1150 3370 dabis.

84 3414 275 3496 Postquam
297 3420 355 3480 tuo
377 3414 469 3480 iussu
491 3414 659 3498 profectus
684 3435 764 3494 snm,
787 3415 925 3498 perneni
947 3415 980 3478 in
1004 3410 1144 3478 Cariam.

85 3521 199 3588 Uideo
224 3527 319 3586 tuum
343 3521 499 3604 sodalem,
524 3525 651 3608 argenti
673 3543 754 3606 rogo
777 3523 827 3588 nti
849 3520 950 3588 faeiat
973 3522 1110 3608 copiam.
1176 3538 1228 3594 330

84 3633 203 3698 Scires
227 3630 312 3696 nelle
336 3632 477 3714 gratiam
499 3637 606 3712 tuam;
629 3631 737 3698 noluit
758 3631 963 3713 frustrarier3

85 3739 133 3806 Ut
159 3738 258 3804 decet
279 3739 366 3804 uelle
388 3739 554 3807 hominem
578 3741 720 3805 amicum
742 3741 849 3804 amieo
873 3746 974 3822 atque
998 3740 1200 3824 opitularier,

85 3847 281 3932 Respondit
303 3847 385 3913 mihi
406 3849 522 3934 paucis
544 3849 656 3915 uerbis
679 3856 780 3932 atque
804 3847 887 3914 adeo
909 3847 1062 3929 fideliter,

85 3955 189 4034 Quod
213 3955 316 4036 tibist,
339 3957 418 4022 item
441 3958 504 4024 sibi
527 3979 608 4038 esse,
631 3977 785 4041 magnam
808 3957 937 4040 argenti
960 3958 1116 4042 inopiam.

143 4235 195 4288 321
215 4233 321 4302 requiae
374 4237 424 4291 323
443 4252 539 4291 sumen
559 4237 616 4290 suis
635 4235 780 4304 glandium
842 4237 892 4290 325
912 4234 1026 4290 seiimus
1079 4232 1155 4301 Quae
1174 4233 1227 4287 tibi

88 4327 159 4375 sunt
176 4320 347 4377 antecedenti
364 4325 458 4377 narraui
475 4321 625 4377 adduntur.
686 4323 737 4376 326
754 4337 789 4375 ne
807 4337 851 4374 me
869 4319 950 4376 ludes
967 4321 1038 4376 itera.
1101 4321 1151 4374 327
1170 4336 1225 4388 qua

87 4409 145 4462 328
163 4407 240 4462 datis
