2960 5012
253 477 294 537 42
770 477 865 532 Plauti
1179 479 1371 550 muel-as

742 665 886 733 Euclio

254 769 338 851 Uah,
361 772 520 839 scelestus
532 793 629 857 quam
642 773 791 858 benigne,
813 781 850 840 ut
861 796 902 841 ne
915 775 1089 844 abstulisse
1100 776 1305 861 intellegam!
1317 793 1371 848 640

253 877 340 944 Noui
362 882 597 967 sycophantias
621 888 701 950 tuas.
746 883 825 968 Age,
847 905 981 950 rursum
1003 885 1138 952 ostende
1160 885 1224 952 hue
1246 905 1374 952 manum

252 987 436 1056 Dexteram.

711 1099 924 1167 Strobilus

407 1206 478 1273 Em.
527 1226 531 1234 ·

743 1335 887 1402 Euclio

457 1439 551 1506 Nune
574 1441 704 1508 laeuam
727 1444 873 1509 ostende.

712 1607 921 1674 Strobilus

814 1716 900 1793 Quin
923 1717 1075 1800 equidem
1097 1715 1210 1782 ambas
1236 1714 1367 1800 profero

267 1935 270 1942 .
747 1877 888 1942 Euclio

253 1981 324 2046 lam
347 1983 486 2048 serutari
509 1983 616 2051 mitto.
662 1985 775 2051 Redde
797 1985 871 2051 hue.

712 2152 926 2219 Strobilus

841 2259 926 2336 Quid
948 2258 1106 2325 reddam?

747 2427 889 2492 Euclio

925 2525 929 2534 “
1087 2531 1147 2612 Ah,
1172 2551 1276 2614 nugas
1299 2532 1379 2614 agis.

254 2639 351 2705 Certe
373 2639 485 2706 habes.

525 2861 528 2866 ἱ
715 2769 923 2836 Strobilus

461 2877 577 2943 Habeo
601 2877 682 2961 ego?
707 2877 792 2954 Quid
815 2878 942 2944 habeo?

745 3044 890 3110 Euclio

894 3153 969 3219 Non
992 3151 1082 3232 dico;
1105 3150 1219 3215 audire
1244 3151 1381 3234 expetis.

255 3260 294 3325 Id
317 3282 424 3326 meum
448 3259 611 3346 quidquid
631 3260 745 3342 habes,
769 3261 879 3327 redde.

714 3427 922 3492 Strobilus

823 3533 961 3600 Insanis.
1005 3533 1242 3599 Persaruiatus
1265 3553 1301 3597 es
1331 3549 1383 3602 645

255 3640 324 3706 Tuo
348 3640 522 3724 arbitratu,
544 3663 650 3726 neque
661 3644 721 3708 ‘tui
744 3665 795 3708 me
819 3643 999 3727 quidquam
1022 3641 1182 3707 inuenisti
1205 3661 1317 3725 penes.

746 3807 890 3874 Euclio

255 3916 362 3996 Mane,
386 3937 489 3982 mane.
530 3917 609 3996 Quis
631 3915 699 3981 illie
722 3923 782 3996 est,
805 3917 862 4001 qui
885 3915 938 3981 hie
955 3917 1044 3981 intus
1064 3913 1150 3981 alter
1176 3921 1251 3980 erat
1272 3921 1383 3981 tecum

974 4023 1093 4090 simul?

324 4283 373 4334 641
401 4279 500 4335 Nouisi
517 4283 690 4349 coupantyas
709 4296 761 4350 age
864 4282 916 4354 642
943 4279 1080 4334 Dextram
1190 4277 1242 4330 643
1268 4278 1372 4345 Anuga

254 4367 306 4420 647
324 4365 387 4434 quis
