2932 5010
198 565 202 575 Ι
221 487 283 549 290
704 478 855 533 Aulularia.

219 681 312 736 ratur.
352 675 395 734 Ac
413 675 548 752 profecto
571 679 623 734 aut
645 674 707 732 haec
728 673 821 732 verba
841 673 905 745 „Ita
927 673 957 732 di
979 669 1092 733 faxint“
1117 669 1346 748 transponenda

221 783 300 854 sunt,
325 783 377 837 aut
398 797 454 856 pro
477 777 586 855 spuriis
608 775 763 850 eiicienda,
793 780 828 834 ut
849 775 947 835 voluit
967 775 1142 848 Francken,
1171 793 1241 833 nam
1264 769 1347 849 quod

219 881 384 958 Wagnerus
405 881 485 954 fecit,
510 885 546 940 nt
567 885 662 939 totam
681 880 849 938 oraticnem
867 876 1021 938 Eunomia
1041 879 1233 938 continuaret
1257 877 1346 950 cique

219 983 422 1062 parenthetica
451 985 657 1060 interponeret
688 985 823 1058 optatum
853 981 890 1040 de
918 981 1035 1055 liberis,
1069 981 1157 1040 nimis
1184 979 1347 1038 obscurum

220 1092 276 1147 est.
295 1115 333 1128 -
357 1087 426 1146 144.
453 1078 569 1158 Oeet'dt',
591 1087 612 1144 i.
631 1103 657 1144 e.
680 1085 767 1161 perii,
789 1105 818 1144 v.
834 1083 919 1161 Capt.
934 1086 1005 1144 619.
1039 1081 1145 1142 Pseud.
1166 1082 1216 1142 39.
1250 1079 1345 1139 Weis.

218 1189 300 1248 Brix.
312 1188 418 1266 Wagn.
435 1183 582 1262 ,occidis“
597 1187 791 1266 scripserunt,
804 1187 841 1246 cf.
854 1187 1016 1247 16166719.
1040 1187 1120 1246 Men.
1134 1187 1207 1246 906.
1230 1181 1345 1242 Pseud.

100 1305 111 1322 ¹
220 1293 292 1352 936.
336 1291 405 1350 Ter.
434 1291 552 1350 Phorm.
578 1291 649 1350 672.
688 1289 755 1348 Non
783 1309 867 1369 opus.
895 1319 939 1332 -
968 1289 1038 1350 145.
1072 1290 1144 1349 Tam
1173 1288 1250 1346 dura
1281 1287 1348 1344 eins

220 1394 300 1454 dicte
326 1413 391 1453 esse
420 1393 507 1467 dicit,
540 1399 575 1452 nt
602 1387 726 1470 lapides
754 1392 913 1452 videantur
945 1392 1138 1471 lapidumque
1165 1393 1348 1450 iactaturum

220 1497 310 1556 modo
332 1491 488 1556 cerebrm
509 1515 595 1555 suum
617 1515 654 1554 ex
671 1497 769 1573 capite
785 1491 953 1568 6666616666,
977 1495 1014 1554 cf.
1033 1494 1117 1573 Gapt.
1138 1495 1210 1555 596.
1244 1491 1347 1550 Oasin.

222 1601 297 1659 616:
335 1599 410 1674 „tibi
443 1599 595 1658 cerebrum
628 1593 870 1676 disparentiam“.
903 1625 946 1638 -
978 1600 1047 1658 146.
1081 1598 1223 1656 Trimetri
1257 1596 1348 1654 huius

220 1703 393 1780 anapestici
420 1702 518 1760 altera
546 1700 669 1778 dipodia
703 1696 767 1774 („te
794 1700 878 1760 iubet
905 1719 998 1761 soror.
1021 1699 1071 1761 Si“
1096 1729 1131 1742 -
1144 1731 1169 1749 v
1182 1725 1207 1744 ν
1223 1726 1246 1742 ν
1263 1723 1287 1744 ν
1302 1697 1349 1768 -l

220 1807 341 1864 minime
364 1808 450 1880 grata
472 1809 527 1864 est.
572 1802 696 1863 concisa
717 1803 863 1864 eiusmodi
890 1808 988 1862 metra
1016 1805 1197 1880 anapaestica
1220 1801 1348 1862 Sisenna

220 1905 300 1985 apud
321 1905 462 1967 Rufinum
486 1909 513 1980 1,
538 1907 577 1966 23
601 1904 712 1966 dixisse
733 1905 860 1978 videtur,
883 1925 1064 1984 quamquam
1085 1907 1173 1965 aliter
1195 1905 1350 1964 intellexit

220 2009 345 2083 Ohriat.,
368 2009 480 2069 Metrilr
501 2029 531 2087 p.
553 2011 623 2070 108.
646 2037 690 2048 -
719 2009 793 2084 147,
826 2009 852 2066 si
874 2008 1054 2087 poetieam
1074 2009 1190 2081 hiatur,
1226 2025 1348 2085 anapa—

229 2114 308 2170 ticus
340 2113 478 2172 trimeter
509 2111 559 2184 lit,
590 2113 616 2172 si
645 2114 865 2189 coniunguntur
892 2111 1030 2188 syllaba,
1066 2110 1190 2189 dipodia
1218 2110 1349 2168 iambica

220 2234 286 2274 cum
310 2213 438 2274 dimetro
460 2216 649 2294 anapaestico.
672 2243 716 2256 ··-
739 2215 799 2273 148
828 2215 933 2274 eodem
953 2233 1043 2274 rersn
1065 2233 1132 2272 cum
1155 2212 1348 2272 antecedenti

138 2299 141 2302 ’
220 2318 252 2374 in
274 2317 298 2375 B
320 2317 475 2390 scribitur,
509 2317 563 2378 sed
590 2318 687 2395 spatio
709 2318 801 2376 trium
823 2321 876 2377 aut
896 2321 1038 2394 quattuor
1059 2317 1231 2374 litterarum
1252 2317 1347 2374 inter·

220 2422 307 2478 iecto.
352 2418 387 2478 In
409 2419 424 2477 1
447 2419 557 2480 excidit
582 2439 704 2494 versus3
738 2413 878 2494 Wagner.
906 2439 963 2498 pro
985 2419 1085 2498 spurio
1107 2417 1231 2491 habnit;
1261 2415 1347 2476 edd:

224 2505 269 2594 „si
297 2517 417 2598 qusm“,
445 2541 504 2601 qno
532 2524 653 2581 minime
681 2541 765 2600 opus.
794 2553 837 2562 -
867 2524 937 2583 149.
965 2517 1131 2599 perendie,
1165 2521 1214 2580 die
1245 2521 1349 2580 crasti-

221 2643 292 2684 num
314 2629 474 2702 sequente,
505 2624 658 2684 6611666.
683 2625 754 2685 369.
799 2623 889 2686 Stich.
917 2626 986 2685 516.
1021 2655 1063 2666 --
1091 2621 1182 2702 fores
1214 2613 1348 2697 feretur,

161 2712 167 2720 ’
221 2727 242 2787 i.
254 2746 281 2786 e.
300 2725 449 2800 efferatur,
468 2727 639 2804 sepeliatur.
673 2727 836 2787 Lambinus
853 2729 980 2788 contulit
1012 2727 1212 2805 Hipponactis
1228 2745 1347 2785 versus:

221 2829 269 2887 At’
292 2828 388 2906 rlpdpna
407 2831 535 2907 γυναικός
556 2829 760 2902 εἰσινῆὅιπαι,
776 2833 858 2889 Ὅταν
879 2834 955 2908 γαμῇ
975 2853 1015 2898 τις
1038 2831 1156 2907 ιάκφῠρῃ
1172 2833 1348 2900 afflamina,

221 2939 253 2992 et
273 2931 484 2993 Chaeremonis:
512 2938 633 2992 Γυναῖκα
653 2935 773 2992 θάπτειν
795 2936 922 3012 meionis
943 2939 1016 2992 ἐστιν
1038 2937 1055 3004 ἢ
1076 2937 1180 3010 γαμεῖν.
1196 2962 1241 2972 -
1257 2946 1351 2992 seror

221 3033 308 3094 Both.
327 3040 397 3094 ante
421 3017 569 3108 „feratur“
594 3037 706 3115 poenit,
729 3037 835 3116 Wagn.
848 3039 938 3097 etiam
961 3035 1138 3096 (1616νί6-
1157 3038 1229 3095 150.
1254 3050 1351 3112 quem

222 3132 298 3198 dere
318 3132 371 3198 616
392 3157 430 3196 ex
451 3157 479 3197 v.
505 3140 565 3198 148
593 3143 706 3200 temere
733 3141 894 3218 repetitum
922 3139 1035 3212 delevi3
1069 3138 1176 3213 Wagu.
1199 3138 1296 3196 solum
1319 3155 1348 3196 v.

225 3236 332 3313 „dare“
358 3241 512 3319 expunxit.
530 3271 574 3283 -
590 3238 720 3318 nuptiae
742 3237 871 3316 666666,
894 3243 931 3302 cf.
954 3241 1019 3301 Oas.
1044 3243 1115 3301 396.
1137 3270 1182 3280 -
1207 3241 1278 3298 152.
1301 3238 1351 3298 eet

222 3337 374 3420 qrandt'er
394 3342 486 3418 6646,
515 3344 534 3405 i.
558 3364 584 3404 6.
606 3345 687 3404 ultra
708 3344 955 3418 adulescentiam,
994 3344 1100 3403 mcdiae
1123 3345 1235 3414 atatis,
1267 3342 1350 3420 quod

222 3445 393 3520 explicandi
416 3465 504 3505 causa
525 3445 620 3506 addit.
670 3445 796 3507 Bothius
819 3452 849 3506 et
865 3447 970 3524 Wagn.
993 3467 1043 3521 „cs
1060 3444 1228 3522 .grandior“
1255 3447 1349 3523 scrip·

222 3553 332 3620 serunt,
357 3548 436 3624 quod
458 3551 483 3606 si
505 3549 649 3608 voluisset
671 3549 803 3622 Plautus,
828 3570 881 3608 nco
908 3549 996 3622 ,sed“
1022 3553 1177 3627 posuisset,
1201 3568 1257 3608 nec
1278 3565 1349 3624 pro·

222 3668 330 3707 nomen
356 3647 423 3722 ,tu“
450 3651 608 3710 omisisset.
635 3681 679 3692 -
706 3649 810 3712 mdia
829 3654 922 3726 cetae,
952 3653 988 3711 cl.
1012 3653 1072 3712 Cic.
1102 3651 1166 3710 Cat.
1196 3653 1266 3710 mai.
1298 3653 1347 3723 17,

122 3741 125 3748 ’
225 3751 274 3810 60.
288 3753 337 3824 20,
350 3754 406 3811 76:
434 3751 527 3826 ,Sunt
542 3754 679 3830 puerities
695 3759 777 3813 certa
794 3753 908 3828 studia3
932 3775 1003 3814 num
1020 3756 1113 3832 igitur
1129 3773 1165 3812 ea
1176 3753 1350 3812 desiderant

224 3851 449 3913 adulescentes?
504 3853 582 3914 Sunt
616 3857 748 3914 ineuntis
783 3855 1008 3930 adulescentise;
1041 3877 1110 3916 num
1145 3875 1181 3915 ee
1208 3861 1348 3915 constans

222 3955 282 4013 iam
304 3957 431 4032 requirit
453 3962 533 4024 atas,
557 3975 623 4033 qua
646 3959 744 4017 media
765 3957 897 4019 dicitur?
931 3959 1008 4020 Sunt
1035 3961 1126 4018 etiam
1149 3961 1212 4018 eiue
1235 3959 1348 4030 atatim

224 4077 260 4116 ne
282 4077 318 4116 ee
340 4057 459 4134 quidem
481 4064 656 4136 queruntur
677 4064 710 4120 in
730 4059 915 4122 senectutc“.

312 4162 381 4220 154.
410 4161 580 4221 Trochaicis
608 4165 786 4240 septenariis
807 4166 926 4243 reliqua
947 4185 1041 4225 scenae
1064 4185 1133 4243 pars
1156 4165 1271 4241 scripta
1291 4169 1347 4222 est.

224 4257 313 4323 Num
339 4278 404 4324 seon
425 4259 500 4324 elis?
533 4266 553 4324 i.
578 4285 602 4324 e.
626 4285 697 4324 num
725 4263 828 4326 vetas?
872 4267 1011 4345 Wagner.
1041 4269 1231 4346 antiquitatis
1259 4285 1349 4326 causa

228 4363 347 4437 „neuis“
380 4369 510 4444 scripsit.
554 4367 642 4429 Both.
666 4368 756 4428 Weis.
784 4367 978 4444 „Numnam“,
1001 4389 1103 4448 prave.
1128 4399 1167 4412 -·
1194 4373 1262 4430 155.
1285 4383 1351 4428 me·
