<?xml version="1.0" encoding="UTF-8"?>
<!DOCTYPE html PUBLIC "-//W3C//DTD XHTML 1.0 Transitional//EN"
    "http://www.w3.org/TR/xhtml1/DTD/xhtml1-transitional.dtd">
<html xmlns="http://www.w3.org/1999/xhtml" xml:lang="en" lang="en">
 <head>
  <title>
</title>
<meta http-equiv="Content-Type" content="text/html;charset=utf-8" />
  <meta name='ocr-system' content='tesseract 3.04.00' />
  <meta name='ocr-capabilities' content='ocr_page ocr_carea ocr_par ocr_line ocrx_word'/>
</head>
<body>
  <div class='ocr_page' id='page_1' title='image "./tmacciiplautico00ussigoog_0538.png"; bbox 0 0 2956 5010; ppageno 0'>
   <div class='ocr_carea' id='block_1_1' title="bbox 563 501 1218 577">
    <p class='ocr_par' dir='ltr' id='par_1_1' title="bbox 563 501 1218 577">
     <span class='ocr_line' id='line_1_1' title="bbox 563 501 1218 577; baseline 0 -21"><span class='ocrx_word' id='word_1_1' title='bbox 563 501 595 556; x_wconf 87' lang='lat' dir='ltr'><strong>V.</strong></span> <span class='ocrx_word' id='word_1_2' title='bbox 615 507 759 560; x_wconf 71' lang='lat' dir='ltr'><strong>sss-956.</strong></span> <span class='ocrx_word' id='word_1_3' title='bbox 1157 517 1218 577; x_wconf 82' lang='lat'><strong>519</strong></span> 
     </span>
    </p>
   </div>
   <div class='ocr_carea' id='block_1_2' title="bbox 94 693 1219 1388">
    <p class='ocr_par' dir='ltr' id='par_1_2' title="bbox 94 693 1219 1388">
     <span class='ocr_line' id='line_1_2' title="bbox 97 693 1218 771; baseline 0.005 -15"><span class='ocrx_word' id='word_1_4' title='bbox 97 699 230 758; x_wconf 75' lang='lat' dir='ltr'>libellam</span> <span class='ocrx_word' id='word_1_5' title='bbox 266 693 427 757; x_wconf 87' lang='lat' dir='ltr'><strong>dedisset“.</strong></span> <span class='ocrx_word' id='word_1_6' title='bbox 489 698 584 756; x_wconf 80' lang='lat' dir='ltr'><strong>Varro</strong></span> <span class='ocrx_word' id='word_1_7' title='bbox 618 699 652 758; x_wconf 91' lang='lat' dir='ltr'><strong>L.</strong></span> <span class='ocrx_word' id='word_1_8' title='bbox 681 699 715 757; x_wconf 86' lang='lat' dir='ltr'><strong>L.</strong></span> <span class='ocrx_word' id='word_1_9' title='bbox 745 699 779 771; x_wconf 86' lang='lat' dir='ltr'><strong>V,</strong></span> <span class='ocrx_word' id='word_1_10' title='bbox 814 701 886 758; x_wconf 72' lang='lat'>174:</span> <span class='ocrx_word' id='word_1_11' title='bbox 931 700 1065 771; x_wconf 86' lang='lat' dir='ltr'><strong>„Nummi</strong></span> <span class='ocrx_word' id='word_1_12' title='bbox 1105 705 1218 764; x_wconf 76' lang='lat' dir='ltr'><strong>denarii</strong></span> 
     </span>
     <span class='ocr_line' id='line_1_3' title="bbox 94 799 1218 876; baseline 0.006 -18"><span class='ocrx_word' id='word_1_13' title='bbox 94 802 221 860; x_wconf 80' lang='lat' dir='ltr'><strong>decuma</strong></span> <span class='ocrx_word' id='word_1_14' title='bbox 243 800 359 872; x_wconf 81' lang='lat' dir='ltr'><strong>libelle,</strong></span> <span class='ocrx_word' id='word_1_15' title='bbox 394 799 474 876; x_wconf 91' lang='lat' dir='ltr'><strong>quod</strong></span> <span class='ocrx_word' id='word_1_16' title='bbox 507 800 613 859; x_wconf 76' lang='lat' dir='ltr'><strong>librom</strong></span> <span class='ocrx_word' id='word_1_17' title='bbox 641 801 739 876; x_wconf 89' lang='lat' dir='ltr'><strong>pondo</strong></span> <span class='ocrx_word' id='word_1_18' title='bbox 768 803 834 860; x_wconf 78' lang='lat' dir='ltr'><strong>seris</strong></span> <span class='ocrx_word' id='word_1_19' title='bbox 863 803 995 876; x_wconf 76' lang='lat' dir='ltr'><strong>valebat,</strong></span> <span class='ocrx_word' id='word_1_20' title='bbox 1030 813 1060 862; x_wconf 91' lang='lat' dir='ltr'><strong>et</strong></span> <span class='ocrx_word' id='word_1_21' title='bbox 1088 813 1153 865; x_wconf 82' lang='lat' dir='ltr'><strong>erut</strong></span> <span class='ocrx_word' id='word_1_22' title='bbox 1182 828 1218 865; x_wconf 85' lang='lat' dir='ltr'><strong>ex</strong></span> 
     </span>
     <span class='ocr_line' id='line_1_4' title="bbox 95 899 1218 980; baseline 0.004 -18"><span class='ocrx_word' id='word_1_23' title='bbox 95 911 220 980; x_wconf 83' lang='lat' dir='ltr'><strong>urgento</strong></span> <span class='ocrx_word' id='word_1_24' title='bbox 242 899 366 980; x_wconf 77' lang='lat' dir='ltr'><strong>pnrvs“.</strong></span> <span class='ocrx_word' id='word_1_25' title='bbox 422 903 542 961; x_wconf 79' lang='lat' dir='ltr'><strong>Rectius</strong></span> <span class='ocrx_word' id='word_1_26' title='bbox 570 905 644 961; x_wconf 83' lang='lat' dir='ltr'><strong>assis</strong></span> <span class='ocrx_word' id='word_1_27' title='bbox 673 904 824 962; x_wconf 82' lang='lat' dir='ltr'><strong>decumum</strong></span> <span class='ocrx_word' id='word_1_28' title='bbox 854 904 990 978; x_wconf 74' lang='lat' dir='ltr'><strong>dixisset,</strong></span> <span class='ocrx_word' id='word_1_29' title='bbox 1025 927 1093 965; x_wconf 84' lang='lat' dir='ltr'><strong>num</strong></span> <span class='ocrx_word' id='word_1_30' title='bbox 1120 917 1154 966; x_wconf 86' lang='lat' dir='ltr'><strong>ut</strong></span> <span class='ocrx_word' id='word_1_31' title='bbox 1182 930 1218 967; x_wconf 86' lang='lat' dir='ltr'><strong>ex</strong></span> 
     </span>
     <span class='ocr_line' id='line_1_5' title="bbox 95 1005 1218 1078; baseline 0.004 -14"><span class='ocrx_word' id='word_1_32' title='bbox 95 1027 161 1064; x_wconf 82' lang='lat' dir='ltr'><strong>asse</strong></span> <span class='ocrx_word' id='word_1_33' title='bbox 194 1005 297 1076; x_wconf 86' lang='lat' dir='ltr'><strong>heres,</strong></span> <span class='ocrx_word' id='word_1_34' title='bbox 332 1007 380 1064; x_wconf 87' lang='lat' dir='ltr'><strong>oui</strong></span> <span class='ocrx_word' id='word_1_35' title='bbox 412 1011 478 1064; x_wconf 80' lang='lat' dir='ltr'><strong>totu</strong></span> <span class='ocrx_word' id='word_1_36' title='bbox 510 1005 691 1078; x_wconf 68' lang='lat' dir='ltr'><strong>beneditus,</strong></span> <span class='ocrx_word' id='word_1_37' title='bbox 730 1007 774 1063; x_wconf 82' lang='lat' dir='ltr'><strong>itu</strong></span> <span class='ocrx_word' id='word_1_38' title='bbox 807 1025 842 1064; x_wconf 85' lang='lat' dir='ltr'><strong>ex</strong></span> <span class='ocrx_word' id='word_1_39' title='bbox 876 1007 989 1078; x_wconf 78' lang='lat' dir='ltr'><strong>libello,</strong></span> <span class='ocrx_word' id='word_1_40' title='bbox 1025 1012 1070 1068; x_wconf 89' lang='lat' dir='ltr'><strong>oui</strong></span> <span class='ocrx_word' id='word_1_41' title='bbox 1105 1011 1218 1069; x_wconf 81' lang='lat' dir='ltr'><strong>decimu</strong></span> 
     </span>
     <span class='ocr_line' id='line_1_6' title="bbox 95 1105 1219 1187; baseline 0.004 -21"><span class='ocrx_word' id='word_1_42' title='bbox 95 1111 161 1166; x_wconf 88' lang='lat' dir='ltr'><strong>eius</strong></span> <span class='ocrx_word' id='word_1_43' title='bbox 185 1128 254 1184; x_wconf 81' lang='lat' dir='ltr'><strong>pers</strong></span> <span class='ocrx_word' id='word_1_44' title='bbox 277 1107 417 1182; x_wconf 73' lang='lat' dir='ltr'><strong>obtingit,</strong></span> <span class='ocrx_word' id='word_1_45' title='bbox 448 1107 567 1166; x_wconf 86' lang='lat' dir='ltr'><strong>dieitur.</strong></span> <span class='ocrx_word' id='word_1_46' title='bbox 626 1105 680 1164; x_wconf 80' lang='lat' dir='ltr'><strong>Est</strong></span> <span class='ocrx_word' id='word_1_47' title='bbox 710 1113 806 1166; x_wconf 81' lang='lat' dir='ltr'><strong>sutem</strong></span> <span class='ocrx_word' id='word_1_48' title='bbox 836 1109 936 1166; x_wconf 81' lang='lat' dir='ltr'><strong>libelle</strong></span> <span class='ocrx_word' id='word_1_49' title='bbox 958 1113 1034 1187; x_wconf 69' lang='lat' dir='ltr'><strong>ilipa</strong></span> <span class='ocrx_word' id='word_1_50' title='bbox 1057 1113 1117 1168; x_wconf 81' lang='lat' dir='ltr'><strong>sive</strong></span> <span class='ocrx_word' id='word_1_51' title='bbox 1140 1113 1219 1172; x_wconf 73' lang='lat' dir='ltr'><strong>libra</strong></span> 
     </span>
     <span class='ocr_line' id='line_1_7' title="bbox 95 1209 1218 1287; baseline 0.003 -18"><span class='ocrx_word' id='word_1_52' title='bbox 95 1210 280 1282; x_wconf 82' lang='lat' dir='ltr'><strong>Siculorum,</strong></span> <span class='ocrx_word' id='word_1_53' title='bbox 312 1211 391 1287; x_wconf 78' lang='lat' dir='ltr'><strong>opud</strong></span> <span class='ocrx_word' id='word_1_54' title='bbox 415 1229 489 1285; x_wconf 91' lang='lat' dir='ltr'><strong>quos</strong></span> <span class='ocrx_word' id='word_1_55' title='bbox 512 1210 665 1284; x_wconf 72' lang='grc' dir='ltr'><strong>ὁικάλιτρον</strong></span> <span class='ocrx_word' id='word_1_56' title='bbox 687 1213 781 1268; x_wconf 73' lang='lat' dir='ltr'><strong>stater</strong></span> <span class='ocrx_word' id='word_1_57' title='bbox 805 1209 975 1270; x_wconf 81' lang='lat' dir='ltr'><strong>Corinthius</strong></span> <span class='ocrx_word' id='word_1_58' title='bbox 998 1215 1060 1271; x_wconf 89' lang='lat' dir='ltr'><strong>sive</strong></span> <span class='ocrx_word' id='word_1_59' title='bbox 1082 1233 1218 1272; x_wconf 90' lang='lat' dir='ltr'><strong>nummus</strong></span> 
     </span>
     <span class='ocr_line' id='line_1_8' title="bbox 97 1307 1218 1388; baseline 0.005 -20"><span class='ocrx_word' id='word_1_60' title='bbox 97 1307 276 1388; x_wconf 73' lang='grc' dir='ltr'><strong>(δίδραχμον)</strong></span> <span class='ocrx_word' id='word_1_61' title='bbox 311 1311 479 1384; x_wconf 77' lang='lat' dir='ltr'><strong>dicebatur,</strong></span> <span class='ocrx_word' id='word_1_62' title='bbox 531 1331 559 1370; x_wconf 86' lang='lat' dir='ltr'><strong>v.</strong></span> <span class='ocrx_word' id='word_1_63' title='bbox 594 1311 735 1384; x_wconf 73' lang='lat' dir='ltr'><strong>Hultmh,</strong></span> <span class='ocrx_word' id='word_1_64' title='bbox 781 1310 971 1372; x_wconf 85' lang='lat' dir='ltr'><strong>Grieohisohe</strong></span> <span class='ocrx_word' id='word_1_65' title='bbox 1011 1335 1040 1373; x_wconf 90' lang='lat' dir='ltr'><strong>u.</strong></span> <span class='ocrx_word' id='word_1_66' title='bbox 1074 1315 1218 1375; x_wconf 78' lang='lat' dir='ltr'><strong>rdmisohe</strong></span> 
     </span>
    </p>
   </div>
   <div class='ocr_carea' id='block_1_3' title="bbox 95 1407 1265 4156">
    <p class='ocr_par' dir='ltr' id='par_1_3' title="bbox 95 1407 1221 2614">
     <span class='ocr_line' id='line_1_9' title="bbox 96 1407 1216 1494; baseline 0 -20"><span class='ocrx_word' id='word_1_67' title='bbox 96 1417 278 1490; x_wconf 79' lang='lat' dir='ltr'><strong>Metrologie</strong></span> <span class='ocrx_word' id='word_1_68' title='bbox 307 1434 336 1490; x_wconf 92' lang='lat' dir='ltr'><strong>p.</strong></span> <span class='ocrx_word' id='word_1_69' title='bbox 361 1416 421 1473; x_wconf 84' lang='lat'><strong>207</strong></span> <span class='ocrx_word' id='word_1_70' title='bbox 446 1421 476 1472; x_wconf 86' lang='lat' dir='ltr'><strong>et</strong></span> <span class='ocrx_word' id='word_1_71' title='bbox 498 1416 569 1473; x_wconf 86' lang='lat'><strong>291.</strong></span> <span class='ocrx_word' id='word_1_72' title='bbox 603 1443 645 1454; x_wconf 89' lang='lat'>-</span> <span class='ocrx_word' id='word_1_73' title='bbox 675 1416 747 1472; x_wconf 84' lang='grc'><strong>943.</strong></span> <span class='ocrx_word' id='word_1_74' title='bbox 789 1407 914 1473; x_wconf 78' lang='lat' dir='ltr'><strong>Gratiis</strong></span> <span class='ocrx_word' id='word_1_75' title='bbox 944 1415 1031 1475; x_wconf 90' lang='lat' dir='ltr'><strong>Both.</strong></span> <span class='ocrx_word' id='word_1_76' title='bbox 1058 1418 1216 1494; x_wconf 81' lang='lat' dir='ltr'><strong>ceterique,</strong></span> 
     </span>
     <span class='ocr_line' id='line_1_10' title="bbox 96 1509 1218 1593; baseline 0.002 -17"><span class='ocrx_word' id='word_1_77' title='bbox 96 1539 124 1576; x_wconf 79' lang='lat' dir='ltr'><strong>u.</strong></span> <span class='ocrx_word' id='word_1_78' title='bbox 149 1517 269 1590; x_wconf 81' lang='lat' dir='ltr'><strong>Proleg.</strong></span> <span class='ocrx_word' id='word_1_79' title='bbox 294 1516 365 1576; x_wconf 88' lang='lat'><strong>212.</strong></span> <span class='ocrx_word' id='word_1_80' title='bbox 394 1547 436 1556; x_wconf 90' lang='lat'>-</span> <span class='ocrx_word' id='word_1_81' title='bbox 464 1518 535 1574; x_wconf 84' lang='lat'><strong>944.</strong></span> <span class='ocrx_word' id='word_1_82' title='bbox 571 1509 673 1590; x_wconf 74' lang='lat' dir='ltr'><strong>Licet,</strong></span> <span class='ocrx_word' id='word_1_83' title='bbox 707 1537 734 1574; x_wconf 88' lang='lat' dir='ltr'><strong>v.</strong></span> <span class='ocrx_word' id='word_1_84' title='bbox 760 1517 797 1574; x_wconf 82' lang='lat' dir='ltr'><strong>sd</strong></span> <span class='ocrx_word' id='word_1_85' title='bbox 830 1517 937 1593; x_wconf 83' lang='lat' dir='ltr'><strong>Amph.</strong></span> <span class='ocrx_word' id='word_1_86' title='bbox 964 1519 1034 1577; x_wconf 81' lang='lat'><strong>540.</strong></span> <span class='ocrx_word' id='word_1_87' title='bbox 1068 1547 1111 1558; x_wconf 92' lang='lat'><strong>-·</strong></span> <span class='ocrx_word' id='word_1_88' title='bbox 1147 1521 1218 1578; x_wconf 78' lang='lat'><strong>945.</strong></span> 
     </span>
     <span class='ocr_line' id='line_1_11' title="bbox 102 1614 1217 1695; baseline -0.003 -14"><span class='ocrx_word' id='word_1_89' title='bbox 102 1614 167 1681; x_wconf 72' lang='lat' dir='ltr'><strong>Ubi</strong></span> <span class='ocrx_word' id='word_1_90' title='bbox 201 1617 279 1680; x_wconf 80' lang='lat' dir='ltr'><strong>estis</strong></span> <span class='ocrx_word' id='word_1_91' title='bbox 312 1635 372 1678; x_wconf 79' lang='lat' dir='ltr'><strong>uos</strong></span> <span class='ocrx_word' id='word_1_92' title='bbox 400 1619 486 1678; x_wconf 81' lang='lat' dir='ltr'><strong>codd.</strong></span> <span class='ocrx_word' id='word_1_93' title='bbox 517 1639 582 1676; x_wconf 91' lang='lat' dir='ltr'><strong>oum</strong></span> <span class='ocrx_word' id='word_1_94' title='bbox 615 1619 699 1676; x_wconf 77' lang='lat' dir='ltr'><strong>hiatu</strong></span> <span class='ocrx_word' id='word_1_95' title='bbox 731 1623 799 1695; x_wconf 89' lang='lat' dir='ltr'><strong>post</strong></span> <span class='ocrx_word' id='word_1_96' title='bbox 834 1617 934 1692; x_wconf 82' lang='lat' dir='ltr'><strong>„ubi“.</strong></span> <span class='ocrx_word' id='word_1_97' title='bbox 990 1620 1125 1678; x_wconf 85' lang='lat' dir='ltr'><strong>Lindsm.</strong></span> <span class='ocrx_word' id='word_1_98' title='bbox 1156 1619 1217 1679; x_wconf 88' lang='lat' dir='ltr'><strong>Fl.:</strong></span> 
     </span>
     <span class='ocr_line' id='line_1_12' title="bbox 100 1703 1217 1797; baseline -0.005 -13"><span class='ocrx_word' id='word_1_99' title='bbox 100 1723 178 1796; x_wconf 86' lang='lat' dir='ltr'><strong>„Ubi</strong></span> <span class='ocrx_word' id='word_1_100' title='bbox 200 1743 256 1781; x_wconf 86' lang='lat' dir='ltr'><strong>uos</strong></span> <span class='ocrx_word' id='word_1_101' title='bbox 279 1717 381 1782; x_wconf 82' lang='lat' dir='ltr'><strong>ostis“.</strong></span> <span class='ocrx_word' id='word_1_102' title='bbox 417 1721 553 1779; x_wconf 64' lang='lat' dir='ltr'><strong>Miller:</strong></span> <span class='ocrx_word' id='word_1_103' title='bbox 582 1720 658 1792; x_wconf 85' lang='lat' dir='ltr'><strong>„Ubi</strong></span> <span class='ocrx_word' id='word_1_104' title='bbox 675 1721 745 1778; x_wconf 85' lang='lat' dir='ltr'><strong>estis</strong></span> <span class='ocrx_word' id='word_1_105' title='bbox 763 1719 837 1778; x_wconf 82' lang='lat' dir='ltr'><strong>uos?</strong></span> <span class='ocrx_word' id='word_1_106' title='bbox 861 1722 901 1779; x_wconf 86' lang='lat' dir='ltr'><strong>ite</strong></span> <span class='ocrx_word' id='word_1_107' title='bbox 921 1717 1036 1797; x_wconf 81' lang='lat' dir='ltr'><strong>[atque]</strong></span> <span class='ocrx_word' id='word_1_108' title='bbox 1055 1703 1217 1795; x_wconf 75' lang='lat' dir='ltr'><strong>solutum“‚</strong></span> 
     </span>
     <span class='ocr_line' id='line_1_13' title="bbox 95 1821 1218 1900; baseline -0.002 -16"><span class='ocrx_word' id='word_1_109' title='bbox 95 1833 131 1884; x_wconf 91' lang='lat' dir='ltr'><strong>ut</strong></span> <span class='ocrx_word' id='word_1_110' title='bbox 163 1821 270 1898; x_wconf 89' lang='lat' dir='ltr'><strong>„estis“</strong></span> <span class='ocrx_word' id='word_1_111' title='bbox 301 1825 432 1900; x_wconf 80' lang='lat' dir='ltr'><strong>priorem</strong></span> <span class='ocrx_word' id='word_1_112' title='bbox 460 1824 618 1900; x_wconf 79' lang='lat' dir='ltr'><strong>corripiet,</strong></span> <span class='ocrx_word' id='word_1_113' title='bbox 653 1823 689 1881; x_wconf 81' lang='lat' dir='ltr'><strong>of.</strong></span> <span class='ocrx_word' id='word_1_114' title='bbox 717 1823 832 1900; x_wconf 80' lang='lat' dir='ltr'><strong>Proleg.</strong></span> <span class='ocrx_word' id='word_1_115' title='bbox 862 1843 891 1900; x_wconf 91' lang='lat' dir='ltr'><strong>p.</strong></span> <span class='ocrx_word' id='word_1_116' title='bbox 922 1826 992 1882; x_wconf 87' lang='lat'><strong>201.</strong></span> <span class='ocrx_word' id='word_1_117' title='bbox 1038 1823 1107 1882; x_wconf 85' lang='lat' dir='ltr'><strong>Oist.</strong></span> <span class='ocrx_word' id='word_1_118' title='bbox 1140 1825 1218 1882; x_wconf 79' lang='lat'><strong>476:</strong></span> 
     </span>
     <span class='ocr_line' id='line_1_14' title="bbox 99 1921 1218 2000; baseline -0.003 -13"><span class='ocrx_word' id='word_1_119' title='bbox 99 1927 180 2000; x_wconf 82' lang='lat' dir='ltr'><strong>„Ubi</strong></span> <span class='ocrx_word' id='word_1_120' title='bbox 202 1929 282 1999; x_wconf 83' lang='lat' dir='ltr'><strong>estis,</strong></span> <span class='ocrx_word' id='word_1_121' title='bbox 304 1922 424 1984; x_wconf 80' lang='lat' dir='ltr'><strong>serui?“</strong></span> <span class='ocrx_word' id='word_1_122' title='bbox 465 1924 571 1984; x_wconf 84' lang='lat' dir='ltr'><strong>Pseud.</strong></span> <span class='ocrx_word' id='word_1_123' title='bbox 592 1926 689 1983; x_wconf 78' lang='lat'>1135:</span> <span class='ocrx_word' id='word_1_124' title='bbox 717 1924 825 1998; x_wconf 88' lang='lat' dir='ltr'><strong>„Heus,</strong></span> <span class='ocrx_word' id='word_1_125' title='bbox 849 1925 900 1983; x_wconf 92' lang='lat' dir='ltr'><strong>ubi</strong></span> <span class='ocrx_word' id='word_1_126' title='bbox 923 1927 993 1984; x_wconf 86' lang='lat' dir='ltr'><strong>estis</strong></span> <span class='ocrx_word' id='word_1_127' title='bbox 1015 1921 1111 1984; x_wconf 82' lang='lat' dir='ltr'><strong>uos?“</strong></span> <span class='ocrx_word' id='word_1_128' title='bbox 1137 1924 1218 1984; x_wconf 85' lang='lat' dir='ltr'><strong>Brix.</strong></span> 
     </span>
     <span class='ocr_line' id='line_1_15' title="bbox 101 2022 1219 2104; baseline -0.002 -18"><span class='ocrx_word' id='word_1_129' title='bbox 101 2029 211 2100; x_wconf 64' lang='lat' dir='ltr'><strong>„Heus</strong></span> <span class='ocrx_word' id='word_1_130' title='bbox 235 2029 286 2086; x_wconf 89' lang='lat' dir='ltr'><strong>ubi</strong></span> <span class='ocrx_word' id='word_1_131' title='bbox 309 2027 422 2086; x_wconf 84' lang='lat' dir='ltr'><strong>estis?“</strong></span> <span class='ocrx_word' id='word_1_132' title='bbox 449 2031 556 2086; x_wconf 86' lang='lat' dir='ltr'><strong>omisso</strong></span> <span class='ocrx_word' id='word_1_133' title='bbox 578 2029 761 2104; x_wconf 84' lang='lat' dir='ltr'><strong>pronomine.</strong></span> <span class='ocrx_word' id='word_1_134' title='bbox 785 2055 827 2068; x_wconf 90' lang='lat'><em>-</em></span> <span class='ocrx_word' id='word_1_135' title='bbox 851 2029 921 2087; x_wconf 85' lang='grc'><strong>946.</strong></span> <span class='ocrx_word' id='word_1_136' title='bbox 946 2022 1072 2087; x_wconf 59' lang='lat' dir='ltr'><strong>interibi</strong></span> <span class='ocrx_word' id='word_1_137' title='bbox 1095 2034 1124 2085; x_wconf 87' lang='lat' dir='ltr'><strong>et</strong></span> <span class='ocrx_word' id='word_1_138' title='bbox 1146 2043 1219 2086; x_wconf 78' lang='lat' dir='ltr'><strong>uer-</strong></span> 
     </span>
     <span class='ocr_line' id='line_1_16' title="bbox 98 2124 1220 2206; baseline -0.003 -17"><span class='ocrx_word' id='word_1_139' title='bbox 98 2127 191 2191; x_wconf 82' lang='lat' dir='ltr'><strong>berea</strong></span> <span class='ocrx_word' id='word_1_140' title='bbox 224 2131 295 2189; x_wconf 88' lang='lat' dir='ltr'><strong>olim</strong></span> <span class='ocrx_word' id='word_1_141' title='bbox 324 2129 440 2188; x_wconf 84' lang='lat' dir='ltr'><strong>emend.</strong></span> <span class='ocrx_word' id='word_1_142' title='bbox 497 2124 642 2190; x_wconf 79' lang='lat' dir='ltr'><strong>Statuam</strong></span> <span class='ocrx_word' id='word_1_143' title='bbox 674 2149 726 2187; x_wconf 91' lang='lat' dir='ltr'><strong>nos</strong></span> <span class='ocrx_word' id='word_1_144' title='bbox 760 2127 859 2188; x_wconf 82' lang='lat' dir='ltr'><strong>dioere</strong></span> <span class='ocrx_word' id='word_1_145' title='bbox 892 2130 1018 2188; x_wconf 87' lang='lat' dir='ltr'><strong>solemus</strong></span> <span class='ocrx_word' id='word_1_146' title='bbox 1052 2149 1133 2202; x_wconf 86' lang='lat' dir='ltr'><strong>eum,</strong></span> <span class='ocrx_word' id='word_1_147' title='bbox 1169 2131 1220 2206; x_wconf 91' lang='lat' dir='ltr'><strong>qui</strong></span> 
     </span>
     <span class='ocr_line' id='line_1_17' title="bbox 97 2226 1219 2306; baseline -0.002 -14"><span class='ocrx_word' id='word_1_148' title='bbox 97 2237 210 2292; x_wconf 82' lang='lat' dir='ltr'><strong>tacitus</strong></span> <span class='ocrx_word' id='word_1_149' title='bbox 233 2239 263 2290; x_wconf 87' lang='lat' dir='ltr'><strong>et</strong></span> <span class='ocrx_word' id='word_1_150' title='bbox 284 2235 425 2292; x_wconf 87' lang='lat' dir='ltr'><strong>immotus</strong></span> <span class='ocrx_word' id='word_1_151' title='bbox 448 2231 557 2304; x_wconf 78' lang='lat' dir='ltr'><strong>adstet,</strong></span> <span class='ocrx_word' id='word_1_152' title='bbox 581 2226 725 2292; x_wconf 82' lang='lat' dir='ltr'><strong>verberea</strong></span> <span class='ocrx_word' id='word_1_153' title='bbox 745 2231 850 2291; x_wconf 77' lang='lat' dir='ltr'><strong>statua</strong></span> <span class='ocrx_word' id='word_1_154' title='bbox 872 2233 981 2306; x_wconf 79' lang='lat' dir='ltr'><strong>legitur</strong></span> <span class='ocrx_word' id='word_1_155' title='bbox 1003 2233 1092 2290; x_wconf 81' lang='lat' dir='ltr'><strong>etism</strong></span> <span class='ocrx_word' id='word_1_156' title='bbox 1112 2231 1219 2290; x_wconf 86' lang='lat' dir='ltr'><strong>Pseud.</strong></span> 
     </span>
     <span class='ocr_line' id='line_1_18' title="bbox 98 2333 1221 2410; baseline -0.003 -15"><span class='ocrx_word' id='word_1_157' title='bbox 98 2339 180 2407; x_wconf 73' lang='lat'><strong>9163</strong></span> <span class='ocrx_word' id='word_1_158' title='bbox 208 2335 401 2409; x_wconf 69' lang='lat' dir='ltr'><strong>„uer-bereum</strong></span> <span class='ocrx_word' id='word_1_159' title='bbox 425 2333 530 2410; x_wconf 64' lang='lat' dir='ltr'><strong>eaput*</strong></span> <span class='ocrx_word' id='word_1_160' title='bbox 558 2333 734 2392; x_wconf 74' lang='lat' dir='ltr'><strong>Pers-185.</strong></span> <span class='ocrx_word' id='word_1_161' title='bbox 773 2333 923 2407; x_wconf 75' lang='lat' dir='ltr'><strong>„ulmeus“</strong></span> <span class='ocrx_word' id='word_1_162' title='bbox 949 2335 1033 2392; x_wconf 84' lang='lat' dir='ltr'><strong>Asin.</strong></span> <span class='ocrx_word' id='word_1_163' title='bbox 1059 2335 1129 2393; x_wconf 87' lang='grc'><strong>360.</strong></span> <span class='ocrx_word' id='word_1_164' title='bbox 1164 2333 1221 2405; x_wconf 78' lang='lat' dir='ltr'><strong>Qui</strong></span> 
     </span>
     <span class='ocr_line' id='line_1_19' title="bbox 98 2435 1219 2510; baseline -0.002 -14"><span class='ocrx_word' id='word_1_165' title='bbox 98 2437 274 2496; x_wconf 82' lang='lat' dir='ltr'><strong>verberibus</strong></span> <span class='ocrx_word' id='word_1_166' title='bbox 296 2436 403 2510; x_wconf 79' lang='lat' dir='ltr'><strong>dignus</strong></span> <span class='ocrx_word' id='word_1_167' title='bbox 426 2436 566 2508; x_wconf 83' lang='lat' dir='ltr'><strong>hebetur,</strong></span> <span class='ocrx_word' id='word_1_168' title='bbox 596 2435 723 2495; x_wconf 82' lang='lat' dir='ltr'><strong>exsulis</strong></span> <span class='ocrx_word' id='word_1_169' title='bbox 745 2436 921 2496; x_wconf 84' lang='lat' dir='ltr'><strong>verberibus</strong></span> <span class='ocrx_word' id='word_1_170' title='bbox 944 2441 1078 2494; x_wconf 75' lang='lat' dir='ltr'><strong>constare</strong></span> <span class='ocrx_word' id='word_1_171' title='bbox 1101 2435 1219 2494; x_wconf 86' lang='lat' dir='ltr'><strong>dieitur.</strong></span> 
     </span>
     <span class='ocr_line' id='line_1_20' title="bbox 96 2534 810 2614; baseline -0.007 -15"><span class='ocrx_word' id='word_1_172' title='bbox 96 2571 142 2582; x_wconf 91' lang='lat'>—</span> <span class='ocrx_word' id='word_1_173' title='bbox 167 2542 237 2599; x_wconf 87' lang='grc'><strong>948.</strong></span> <span class='ocrx_word' id='word_1_174' title='bbox 268 2534 331 2600; x_wconf 76' lang='lat' dir='ltr'><strong>Uos</strong></span> <span class='ocrx_word' id='word_1_175' title='bbox 353 2535 464 2611; x_wconf 69' lang='lat' dir='ltr'><strong>lassate,</strong></span> <span class='ocrx_word' id='word_1_176' title='bbox 489 2538 525 2598; x_wconf 80' lang='lat' dir='ltr'><strong>el.</strong></span> <span class='ocrx_word' id='word_1_177' title='bbox 549 2538 586 2596; x_wconf 83' lang='lat' dir='ltr'><strong>ad</strong></span> <span class='ocrx_word' id='word_1_178' title='bbox 608 2537 715 2614; x_wconf 82' lang='lat' dir='ltr'><strong>Amph.</strong></span> <span class='ocrx_word' id='word_1_179' title='bbox 740 2539 810 2598; x_wconf 78' lang='lat'><strong>795.</strong></span> 
     </span>
    </p>

    <p class='ocr_par' dir='ltr' id='par_1_4' title="bbox 95 2635 1265 4156">
     <span class='ocr_line' id='line_1_21' title="bbox 187 2635 1219 2713; baseline -0.001 -13"><span class='ocrx_word' id='word_1_180' title='bbox 187 2643 258 2702; x_wconf 86' lang='grc'><strong>949.</strong></span> <span class='ocrx_word' id='word_1_181' title='bbox 283 2635 359 2701; x_wconf 74' lang='lat' dir='ltr'><strong>bone</strong></span> <span class='ocrx_word' id='word_1_182' title='bbox 380 2639 441 2713; x_wconf 78' lang='lat' dir='ltr'><strong>uir,</strong></span> <span class='ocrx_word' id='word_1_183' title='bbox 465 2641 501 2699; x_wconf 79' lang='lat' dir='ltr'><strong>ef.</strong></span> <span class='ocrx_word' id='word_1_184' title='bbox 525 2641 592 2700; x_wconf 86' lang='lat' dir='ltr'><strong>Ter.</strong></span> <span class='ocrx_word' id='word_1_185' title='bbox 616 2640 709 2700; x_wconf 81' lang='lat' dir='ltr'><strong>Andr.</strong></span> <span class='ocrx_word' id='word_1_186' title='bbox 735 2641 812 2698; x_wconf 78' lang='lat'><strong>616:</strong></span> <span class='ocrx_word' id='word_1_187' title='bbox 846 2639 927 2712; x_wconf 85' lang='lat' dir='ltr'><strong>„Eho</strong></span> <span class='ocrx_word' id='word_1_188' title='bbox 950 2639 1028 2713; x_wconf 87' lang='lat' dir='ltr'><strong>dum,</strong></span> <span class='ocrx_word' id='word_1_189' title='bbox 1052 2640 1130 2698; x_wconf 89' lang='lat' dir='ltr'><strong>boue</strong></span> <span class='ocrx_word' id='word_1_190' title='bbox 1151 2639 1219 2700; x_wconf 82' lang='lat' dir='ltr'><strong>uir?</strong></span> 
     </span>
     <span class='ocr_line' id='line_1_22' title="bbox 97 2743 1220 2819; baseline -0.004 -15"><span class='ocrx_word' id='word_1_191' title='bbox 97 2745 207 2804; x_wconf 80' lang='lat' dir='ltr'><strong>Buooh.</strong></span> <span class='ocrx_word' id='word_1_192' title='bbox 232 2747 303 2802; x_wconf 82' lang='grc'><strong>771.</strong></span> <span class='ocrx_word' id='word_1_193' title='bbox 347 2745 462 2802; x_wconf 88' lang='lat' dir='ltr'><strong>lronioe</strong></span> <span class='ocrx_word' id='word_1_194' title='bbox 492 2744 580 2816; x_wconf 90' lang='lat' dir='ltr'><strong>dioit;</strong></span> <span class='ocrx_word' id='word_1_195' title='bbox 615 2763 718 2802; x_wconf 84' lang='lat' dir='ltr'><strong>servus</strong></span> <span class='ocrx_word' id='word_1_196' title='bbox 742 2749 855 2815; x_wconf 76' lang='lat' dir='ltr'><strong>autem,</strong></span> <span class='ocrx_word' id='word_1_197' title='bbox 890 2743 976 2819; x_wconf 81' lang='lat' dir='ltr'><strong>quusi</strong></span> <span class='ocrx_word' id='word_1_198' title='bbox 999 2745 1076 2801; x_wconf 90' lang='lat' dir='ltr'><strong>serio</strong></span> <span class='ocrx_word' id='word_1_199' title='bbox 1100 2743 1220 2816; x_wconf 83' lang='lat' dir='ltr'><strong>diceret,</strong></span> 
     </span>
     <span class='ocr_line' id='line_1_23' title="bbox 95 2841 1220 2921; baseline -0.004 -15"><span class='ocrx_word' id='word_1_200' title='bbox 95 2848 246 2906; x_wconf 77' lang='lat' dir='ltr'><strong>mendacii</strong></span> <span class='ocrx_word' id='word_1_201' title='bbox 258 2865 324 2904; x_wconf 88' lang='lat' dir='ltr'><strong>eum</strong></span> <span class='ocrx_word' id='word_1_202' title='bbox 337 2852 464 2904; x_wconf 79' lang='lat' dir='ltr'><strong>accusat.</strong></span> <span class='ocrx_word' id='word_1_203' title='bbox 482 2875 525 2885; x_wconf 94' lang='lat'>-</span> <span class='ocrx_word' id='word_1_204' title='bbox 542 2848 612 2904; x_wconf 82' lang='grc'><strong>950.</strong></span> <span class='ocrx_word' id='word_1_205' title='bbox 637 2841 691 2904; x_wconf 77' lang='lat' dir='ltr'><strong>ubi</strong></span> <span class='ocrx_word' id='word_1_206' title='bbox 708 2847 906 2921; x_wconf 84' lang='lat' dir='ltr'><strong>posteriorem</strong></span> <span class='ocrx_word' id='word_1_207' title='bbox 923 2841 1071 2920; x_wconf 81' lang='lat' dir='ltr'><strong>producit.</strong></span> <span class='ocrx_word' id='word_1_208' title='bbox 1106 2844 1220 2902; x_wconf 84' lang='lat' dir='ltr'><strong>Ritsoh.</strong></span> 
     </span>
     <span class='ocr_line' id='line_1_24' title="bbox 101 2944 1220 3026; baseline -0.004 -18"><span class='ocrx_word' id='word_1_209' title='bbox 101 2947 207 3019; x_wconf 82' lang='lat' dir='ltr'><strong>‚,oubi“</strong></span> <span class='ocrx_word' id='word_1_210' title='bbox 228 2951 399 3026; x_wconf 77' lang='lat' dir='ltr'><strong>proposuit3</strong></span> <span class='ocrx_word' id='word_1_211' title='bbox 422 2948 511 3006; x_wconf 85' lang='lat' dir='ltr'><strong>Flet</strong></span> <span class='ocrx_word' id='word_1_212' title='bbox 532 2947 580 3008; x_wconf 88' lang='lat' dir='ltr'><strong>Br.</strong></span> <span class='ocrx_word' id='word_1_213' title='bbox 604 2947 700 3020; x_wconf 77' lang='lat' dir='ltr'><strong>„Quid</strong></span> <span class='ocrx_word' id='word_1_214' title='bbox 723 2967 770 3005; x_wconf 85' lang='lat' dir='ltr'><strong>me</strong></span> <span class='ocrx_word' id='word_1_215' title='bbox 792 2946 890 3004; x_wconf 77' lang='lat' dir='ltr'><strong>lusere</strong></span> <span class='ocrx_word' id='word_1_216' title='bbox 913 2944 1064 3022; x_wconf 80' lang='lat' dir='ltr'><strong>oportet“.</strong></span> <span class='ocrx_word' id='word_1_217' title='bbox 1083 2975 1125 2986; x_wconf 89' lang='lat'>-</span> <span class='ocrx_word' id='word_1_218' title='bbox 1149 2949 1220 3005; x_wconf 82' lang='lat'><strong>951.</strong></span> 
     </span>
     <span class='ocr_line' id='line_1_25' title="bbox 97 3048 1222 3128; baseline -0.004 -18"><span class='ocrx_word' id='word_1_219' title='bbox 97 3052 227 3128; x_wconf 76' lang='lat' dir='ltr'><strong>Negatio</strong></span> <span class='ocrx_word' id='word_1_220' title='bbox 250 3070 316 3110; x_wconf 86' lang='lat' dir='ltr'><strong>sero</strong></span> <span class='ocrx_word' id='word_1_221' title='bbox 338 3052 469 3127; x_wconf 82' lang='lat' dir='ltr'><strong>ponitur,</strong></span> <span class='ocrx_word' id='word_1_222' title='bbox 493 3070 520 3108; x_wconf 87' lang='lat' dir='ltr'><strong>v.</strong></span> <span class='ocrx_word' id='word_1_223' title='bbox 541 3050 588 3109; x_wconf 77' lang='lat' dir='ltr'><strong>ud.</strong></span> <span class='ocrx_word' id='word_1_224' title='bbox 607 3051 675 3108; x_wconf 81' lang='lat' dir='ltr'><strong>Aul.</strong></span> <span class='ocrx_word' id='word_1_225' title='bbox 695 3049 766 3107; x_wconf 81' lang='lat'><strong>224.</strong></span> <span class='ocrx_word' id='word_1_226' title='bbox 790 3077 832 3088; x_wconf 84' lang='lat'><strong>·-</strong></span> <span class='ocrx_word' id='word_1_227' title='bbox 855 3049 925 3107; x_wconf 82' lang='lat'><strong>952.</strong></span> <span class='ocrx_word' id='word_1_228' title='bbox 950 3048 1056 3106; x_wconf 76' lang='lat' dir='ltr'><strong>Hiatus</strong></span> <span class='ocrx_word' id='word_1_229' title='bbox 1078 3055 1148 3123; x_wconf 91' lang='lat' dir='ltr'><strong>post</strong></span> <span class='ocrx_word' id='word_1_230' title='bbox 1171 3063 1222 3106; x_wconf 85' lang='lat' dir='ltr'><strong>ero</strong></span> 
     </span>
     <span class='ocr_line' id='line_1_26' title="bbox 97 3146 1221 3229; baseline -0.005 -17"><span class='ocrx_word' id='word_1_231' title='bbox 97 3157 150 3212; x_wconf 80' lang='lat' dir='ltr'><strong>rix</strong></span> <span class='ocrx_word' id='word_1_232' title='bbox 178 3153 330 3226; x_wconf 69' lang='lat' dir='ltr'><strong>ferendo-3</strong></span> <span class='ocrx_word' id='word_1_233' title='bbox 364 3151 409 3211; x_wconf 84' lang='lat' dir='ltr'><strong>Fl.</strong></span> <span class='ocrx_word' id='word_1_234' title='bbox 439 3151 546 3210; x_wconf 90' lang='lat' dir='ltr'><strong>Philol.</strong></span> <span class='ocrx_word' id='word_1_235' title='bbox 576 3152 617 3224; x_wconf 92' lang='lat' dir='ltr'><strong>II,</strong></span> <span class='ocrx_word' id='word_1_236' title='bbox 641 3172 670 3229; x_wconf 93' lang='lat' dir='ltr'><strong>p.</strong></span> <span class='ocrx_word' id='word_1_237' title='bbox 703 3154 759 3210; x_wconf 78' lang='lat'><strong>98:</strong></span> <span class='ocrx_word' id='word_1_238' title='bbox 799 3150 920 3226; x_wconf 82' lang='lat' dir='ltr'><strong>„Neque</strong></span> <span class='ocrx_word' id='word_1_239' title='bbox 950 3167 1005 3224; x_wconf 79' lang='lat' dir='ltr'><strong>ego</strong></span> <span class='ocrx_word' id='word_1_240' title='bbox 1040 3146 1108 3207; x_wconf 87' lang='lat' dir='ltr'><strong>ero“</strong></span> <span class='ocrx_word' id='word_1_241' title='bbox 1145 3153 1221 3208; x_wconf 84' lang='lat' dir='ltr'><strong>coni.</strong></span> 
     </span>
     <span class='ocr_line' id='line_1_27' title="bbox 98 3251 1222 3332; baseline -0.005 -16"><span class='ocrx_word' id='word_1_242' title='bbox 98 3257 231 3316; x_wconf 74' lang='lat' dir='ltr'><strong>Cernen:</strong></span> <span class='ocrx_word' id='word_1_243' title='bbox 269 3276 324 3329; x_wconf 86' lang='lat' dir='ltr'><strong>„ne</strong></span> <span class='ocrx_word' id='word_1_244' title='bbox 353 3262 387 3312; x_wconf 87' lang='lat' dir='ltr'><strong>tu</strong></span> <span class='ocrx_word' id='word_1_245' title='bbox 415 3274 497 3331; x_wconf 88' lang='lat' dir='ltr'><strong>spem</strong></span> <span class='ocrx_word' id='word_1_246' title='bbox 525 3251 652 3332; x_wconf 82' lang='lat' dir='ltr'><strong>ponus“.</strong></span> <span class='ocrx_word' id='word_1_247' title='bbox 707 3269 747 3312; x_wconf 79' lang='lat' dir='ltr'><strong>ne</strong></span> <span class='ocrx_word' id='word_1_248' title='bbox 777 3259 874 3310; x_wconf 83' lang='lat' dir='ltr'><strong>autem</strong></span> <span class='ocrx_word' id='word_1_249' title='bbox 903 3251 983 3328; x_wconf 92' lang='lat' dir='ltr'><strong>quod</strong></span> <span class='ocrx_word' id='word_1_250' title='bbox 1012 3251 1222 3311; x_wconf 77' lang='lat' dir='ltr'><strong>affirmativum</strong></span> 
     </span>
     <span class='ocr_line' id='line_1_28' title="bbox 97 3353 1223 3436; baseline -0.004 -19"><span class='ocrx_word' id='word_1_251' title='bbox 97 3379 165 3418; x_wconf 86' lang='lat' dir='ltr'><strong>esse</strong></span> <span class='ocrx_word' id='word_1_252' title='bbox 188 3364 334 3436; x_wconf 74' lang='lat' dir='ltr'><strong>putarunt</strong></span> <span class='ocrx_word' id='word_1_253' title='bbox 349 3357 435 3416; x_wconf 92' lang='lat' dir='ltr'><strong>Both.</strong></span> <span class='ocrx_word' id='word_1_254' title='bbox 455 3357 551 3426; x_wconf 78' lang='lat' dir='ltr'><strong>Line..</strong></span> <span class='ocrx_word' id='word_1_255' title='bbox 575 3357 648 3416; x_wconf 79' lang='lat' dir='ltr'><strong>setis</strong></span> <span class='ocrx_word' id='word_1_256' title='bbox 668 3356 811 3414; x_wconf 77' lang='lat' dir='ltr'><strong>refutavit</strong></span> <span class='ocrx_word' id='word_1_257' title='bbox 833 3353 878 3412; x_wconf 87' lang='lat' dir='ltr'><strong>Fl.</strong></span> <span class='ocrx_word' id='word_1_258' title='bbox 912 3355 992 3412; x_wconf 90' lang='lat' dir='ltr'><strong>Idem</strong></span> <span class='ocrx_word' id='word_1_259' title='bbox 1016 3355 1080 3412; x_wconf 86' lang='lat' dir='ltr'><strong>iure</strong></span> <span class='ocrx_word' id='word_1_260' title='bbox 1102 3359 1223 3431; x_wconf 79' lang='lat' dir='ltr'><strong>negavit</strong></span> 
     </span>
     <span class='ocr_line' id='line_1_29' title="bbox 98 3454 1224 3537; baseline -0.005 -17"><span class='ocrx_word' id='word_1_261' title='bbox 98 3477 187 3537; x_wconf 70' lang='lat' dir='ltr'><strong>spem</strong></span> <span class='ocrx_word' id='word_1_262' title='bbox 208 3475 314 3537; x_wconf 74' lang='lat' dir='ltr'><strong>portas</strong></span> <span class='ocrx_word' id='word_1_263' title='bbox 342 3480 398 3536; x_wconf 90' lang='lat' dir='ltr'><strong>pro</strong></span> <span class='ocrx_word' id='word_1_264' title='bbox 431 3461 478 3530; x_wconf 81' lang='lat' dir='ltr'><strong>„in</strong></span> <span class='ocrx_word' id='word_1_265' title='bbox 507 3481 553 3520; x_wconf 85' lang='lat' dir='ltr'><strong>me</strong></span> <span class='ocrx_word' id='word_1_266' title='bbox 576 3479 659 3536; x_wconf 84' lang='lat' dir='ltr'><strong>spem</strong></span> <span class='ocrx_word' id='word_1_267' title='bbox 682 3454 792 3534; x_wconf 81' lang='lat' dir='ltr'><strong>ponus“</strong></span> <span class='ocrx_word' id='word_1_268' title='bbox 818 3462 899 3516; x_wconf 82' lang='lat' dir='ltr'><strong>reete</strong></span> <span class='ocrx_word' id='word_1_269' title='bbox 922 3456 991 3516; x_wconf 87' lang='lat' dir='ltr'><strong>dici.</strong></span> <span class='ocrx_word' id='word_1_270' title='bbox 1043 3457 1104 3514; x_wconf 81' lang='lat' dir='ltr'><strong>Aut</strong></span> <span class='ocrx_word' id='word_1_271' title='bbox 1130 3458 1224 3530; x_wconf 76' lang='lat' dir='ltr'><strong>igitur</strong></span> 
     </span>
     <span class='ocr_line' id='line_1_30' title="bbox 99 3560 1265 3650; baseline -0.006 -27"><span class='ocrx_word' id='word_1_272' title='bbox 99 3565 156 3623; x_wconf 89' lang='lat' dir='ltr'><strong>hoc</strong></span> <span class='ocrx_word' id='word_1_273' title='bbox 179 3563 381 3650; x_wconf 82' lang='lat' dir='ltr'><strong>reponendum</strong></span> <span class='ocrx_word' id='word_1_274' title='bbox 405 3569 456 3621; x_wconf 82' lang='lat' dir='ltr'><strong>aut</strong></span> <span class='ocrx_word' id='word_1_275' title='bbox 479 3562 576 3635; x_wconf 80' lang='lat' dir='ltr'><strong>aliud3</strong></span> <span class='ocrx_word' id='word_1_276' title='bbox 606 3561 651 3620; x_wconf 84' lang='lat' dir='ltr'><strong>Fl.</strong></span> <span class='ocrx_word' id='word_1_277' title='bbox 675 3560 805 3620; x_wconf 79' lang='lat' dir='ltr'><strong>Aeidolii</strong></span> <span class='ocrx_word' id='word_1_278' title='bbox 835 3561 1034 3618; x_wconf 78' lang='lat' dir='ltr'><strong>coniecturam</strong></span> <span class='ocrx_word' id='word_1_279' title='bbox 1060 3578 1115 3631; x_wconf 85' lang='lat' dir='ltr'><strong>„ne</strong></span> <span class='ocrx_word' id='word_1_280' title='bbox 1137 3565 1170 3618; x_wconf 89' lang='lat' dir='ltr'><strong>tu</strong></span> <span class='ocrx_word' id='word_1_281' title='bbox 1192 3563 1223 3618; x_wconf 93' lang='lat' dir='ltr'><strong>in</strong></span> <span class='ocrx_word' id='word_1_282' title='bbox 1264 3619 1265 3622; x_wconf 60' lang='grc'>,</span> 
     </span>
     <span class='ocr_line' id='line_1_31' title="bbox 98 3656 1222 3747; baseline -0.006 -20"><span class='ocrx_word' id='word_1_283' title='bbox 98 3689 154 3747; x_wconf 86' lang='lat' dir='ltr'><strong>spe</strong></span> <span class='ocrx_word' id='word_1_284' title='bbox 175 3663 287 3745; x_wconf 78' lang='lat' dir='ltr'><strong>ponee“</strong></span> <span class='ocrx_word' id='word_1_285' title='bbox 313 3665 511 3738; x_wconf 82' lang='lat' dir='ltr'><strong>commendat,</strong></span> <span class='ocrx_word' id='word_1_286' title='bbox 541 3667 590 3723; x_wconf 86' lang='lat' dir='ltr'><strong>vel</strong></span> <span class='ocrx_word' id='word_1_287' title='bbox 618 3667 718 3740; x_wconf 86' lang='lat' dir='ltr'><strong>potius</strong></span> <span class='ocrx_word' id='word_1_288' title='bbox 749 3665 798 3737; x_wconf 88' lang='lat' dir='ltr'><strong>„in</strong></span> <span class='ocrx_word' id='word_1_289' title='bbox 826 3656 939 3738; x_wconf 84' lang='lat' dir='ltr'><strong>spem“‚</strong></span> <span class='ocrx_word' id='word_1_290' title='bbox 975 3661 1010 3720; x_wconf 88' lang='lat' dir='ltr'><strong>ol.</strong></span> <span class='ocrx_word' id='word_1_291' title='bbox 1033 3660 1121 3739; x_wconf 85' lang='lat' dir='ltr'><strong>Epid.</strong></span> <span class='ocrx_word' id='word_1_292' title='bbox 1147 3663 1222 3720; x_wconf 78' lang='lat'><strong>335:</strong></span> 
     </span>
     <span class='ocr_line' id='line_1_32' title="bbox 103 3763 1224 3846; baseline -0.007 -18"><span class='ocrx_word' id='word_1_293' title='bbox 103 3791 160 3844; x_wconf 88' lang='lat' dir='ltr'><strong>„ne</strong></span> <span class='ocrx_word' id='word_1_294' title='bbox 184 3769 256 3846; x_wconf 90' lang='lat' dir='ltr'><strong>quid</strong></span> <span class='ocrx_word' id='word_1_295' title='bbox 279 3769 333 3826; x_wconf 91' lang='lat' dir='ltr'><strong>tihi</strong></span> <span class='ocrx_word' id='word_1_296' title='bbox 356 3768 424 3827; x_wconf 90' lang='lat' dir='ltr'><strong>hino</strong></span> <span class='ocrx_word' id='word_1_297' title='bbox 448 3771 478 3826; x_wconf 92' lang='lat' dir='ltr'><strong>in</strong></span> <span class='ocrx_word' id='word_1_298' title='bbox 501 3787 583 3844; x_wconf 90' lang='lat' dir='ltr'><strong>spem</strong></span> <span class='ocrx_word' id='word_1_299' title='bbox 606 3765 747 3826; x_wconf 69' lang='lat' dir='ltr'><strong>referos‘².</strong></span> <span class='ocrx_word' id='word_1_300' title='bbox 782 3764 1020 3824; x_wconf 80' lang='lat' dir='ltr'><strong>Fleckeissnium</strong></span> <span class='ocrx_word' id='word_1_301' title='bbox 1037 3763 1086 3822; x_wconf 91' lang='lat' dir='ltr'><strong>Br.</strong></span> <span class='ocrx_word' id='word_1_302' title='bbox 1105 3768 1224 3821; x_wconf 83' lang='lat' dir='ltr'><strong>secutus</strong></span> 
     </span>
     <span class='ocr_line' id='line_1_33' title="bbox 99 3863 1222 3946; baseline -0.007 -14"><span class='ocrx_word' id='word_1_303' title='bbox 99 3880 156 3932; x_wconf 88' lang='lat' dir='ltr'><strong>est.</strong></span> <span class='ocrx_word' id='word_1_304' title='bbox 180 3901 223 3911; x_wconf 92' lang='lat'><em>-</em></span> <span class='ocrx_word' id='word_1_305' title='bbox 245 3873 316 3931; x_wconf 78' lang='lat'><strong>953.</strong></span> <span class='ocrx_word' id='word_1_306' title='bbox 340 3871 413 3931; x_wconf 87' lang='lat' dir='ltr'><strong>Post</strong></span> <span class='ocrx_word' id='word_1_307' title='bbox 431 3885 530 3946; x_wconf 78' lang='lat' dir='ltr'><strong>prope</strong></span> <span class='ocrx_word' id='word_1_308' title='bbox 551 3866 678 3929; x_wconf 66' lang='lat' dir='ltr'><strong>rhodum</strong></span> <span class='ocrx_word' id='word_1_309' title='bbox 700 3868 832 3928; x_wconf 76' lang='lat' dir='ltr'><strong>abundet</strong></span> <span class='ocrx_word' id='word_1_310' title='bbox 856 3863 957 3942; x_wconf 71' lang='lat' dir='ltr'><strong>facile,</strong></span> <span class='ocrx_word' id='word_1_311' title='bbox 982 3865 1018 3924; x_wconf 84' lang='lat' dir='ltr'><strong>of.</strong></span> <span class='ocrx_word' id='word_1_312' title='bbox 1038 3865 1076 3924; x_wconf 79' lang='lat' dir='ltr'><strong>ed</strong></span> <span class='ocrx_word' id='word_1_313' title='bbox 1094 3867 1164 3924; x_wconf 84' lang='lat'><strong>268.</strong></span> <span class='ocrx_word' id='word_1_314' title='bbox 1185 3894 1222 3904; x_wconf 95' lang='lat'><em>-</em></span> 
     </span>
     <span class='ocr_line' id='line_1_34' title="bbox 102 3965 1227 4036; baseline -0.011 0"><span class='ocrx_word' id='word_1_315' title='bbox 102 3978 175 4036; x_wconf 85' lang='grc'><strong>954.</strong></span> <span class='ocrx_word' id='word_1_316' title='bbox 204 3974 291 4034; x_wconf 86' lang='lat' dir='ltr'><strong>Hune</strong></span> <span class='ocrx_word' id='word_1_317' title='bbox 313 3994 430 4032; x_wconf 83' lang='lat' dir='ltr'><strong>versum</strong></span> <span class='ocrx_word' id='word_1_318' title='bbox 458 3976 521 4032; x_wconf 88' lang='lat' dir='ltr'><strong>iure</strong></span> <span class='ocrx_word' id='word_1_319' title='bbox 550 3973 701 4030; x_wconf 73' lang='lat' dir='ltr'><strong>damnavit</strong></span> <span class='ocrx_word' id='word_1_320' title='bbox 724 3970 810 4030; x_wconf 91' lang='lat' dir='ltr'><strong>Both.</strong></span> <span class='ocrx_word' id='word_1_321' title='bbox 841 3977 875 4028; x_wconf 92' lang='lat' dir='ltr'><strong>ut</strong></span> <span class='ocrx_word' id='word_1_322' title='bbox 897 3989 933 4028; x_wconf 86' lang='lat' dir='ltr'><strong>ox</strong></span> <span class='ocrx_word' id='word_1_323' title='bbox 957 3969 1017 4028; x_wconf 86' lang='grc'><strong>963</strong></span> <span class='ocrx_word' id='word_1_324' title='bbox 1042 3973 1149 4026; x_wconf 89' lang='lat' dir='ltr'><strong>ortum.</strong></span> <span class='ocrx_word' id='word_1_325' title='bbox 1195 3965 1227 4025; x_wconf 86' lang='lat' dir='ltr'><strong>Si</strong></span> 
     </span>
     <span class='ocr_line' id='line_1_35' title="bbox 100 4071 1225 4156; baseline -0.01 -20"><span class='ocrx_word' id='word_1_326' title='bbox 100 4081 248 4156; x_wconf 80' lang='lat' dir='ltr'><strong>genuinus</strong></span> <span class='ocrx_word' id='word_1_327' title='bbox 271 4083 358 4148; x_wconf 82' lang='lat' dir='ltr'><strong>esset,</strong></span> <span class='ocrx_word' id='word_1_328' title='bbox 383 4097 448 4136; x_wconf 87' lang='lat' dir='ltr'><strong>eum</strong></span> <span class='ocrx_word' id='word_1_329' title='bbox 472 4075 604 4152; x_wconf 83' lang='lat' dir='ltr'><strong>Gryphio</strong></span> <span class='ocrx_word' id='word_1_330' title='bbox 628 4081 658 4131; x_wconf 90' lang='lat' dir='ltr'><strong>et</strong></span> <span class='ocrx_word' id='word_1_331' title='bbox 676 4073 807 4132; x_wconf 84' lang='lat' dir='ltr'><strong>Bossohu</strong></span> <span class='ocrx_word' id='word_1_332' title='bbox 829 4071 1013 4130; x_wconf 80' lang='lat' dir='ltr'><strong>scribendum</strong></span> <span class='ocrx_word' id='word_1_333' title='bbox 1038 4077 1101 4128; x_wconf 84' lang='lat' dir='ltr'><strong>oret</strong></span> <span class='ocrx_word' id='word_1_334' title='bbox 1127 4075 1225 4141; x_wconf 80' lang='lat' dir='ltr'><strong>„tuam</strong></span> 
     </span>
    </p>
   </div>
   <div class='ocr_carea' id='block_1_4' title="bbox 102 4169 1225 4250">
    <p class='ocr_par' dir='ltr' id='par_1_5' title="bbox 102 4169 1225 4250">
     <span class='ocr_line' id='line_1_36' title="bbox 102 4169 1225 4250; baseline -0.011 -10"><span class='ocrx_word' id='word_1_335' title='bbox 102 4201 165 4240; x_wconf 80' lang='lat' dir='ltr'><strong>rem</strong></span> <span class='ocrx_word' id='word_1_336' title='bbox 189 4177 312 4238; x_wconf 79' lang='lat' dir='ltr'><strong>feeies“.</strong></span> <span class='ocrx_word' id='word_1_337' title='bbox 338 4207 374 4220; x_wconf 89' lang='lat'>-</span> <span class='ocrx_word' id='word_1_338' title='bbox 407 4181 476 4238; x_wconf 82' lang='lat'><strong>955.</strong></span> <span class='ocrx_word' id='word_1_339' title='bbox 509 4176 793 4236; x_wconf 56' lang='grc'><strong>94414414-</strong></span> <span class='ocrx_word' id='word_1_340' title='bbox 823 4177 894 4234; x_wconf 86' lang='grc'><strong>956.</strong></span> <span class='ocrx_word' id='word_1_341' title='bbox 927 4169 1017 4250; x_wconf 70' lang='lat' dir='ltr'><strong>Quod</strong></span> <span class='ocrx_word' id='word_1_342' title='bbox 1038 4187 1093 4250; x_wconf 73' lang='lat' dir='ltr'><strong>epo</strong></span> <span class='ocrx_word' id='word_1_343' title='bbox 1115 4169 1225 4248; x_wconf 80' lang='lat' dir='ltr'><strong>fateor,</strong></span> 
     </span>
    </p>
   </div>
   <div class='ocr_carea' id='block_1_5' title="bbox 100 4272 1228 4462">
    <p class='ocr_par' dir='ltr' id='par_1_6' title="bbox 100 4272 1228 4462">
     <span class='ocr_line' id='line_1_37' title="bbox 100 4272 1227 4356; baseline -0.01 -13"><span class='ocrx_word' id='word_1_344' title='bbox 100 4278 211 4343; x_wconf 74' lang='lat' dir='ltr'><strong>credin</strong></span> <span class='ocrx_word' id='word_1_345' title='bbox 221 4277 351 4356; x_wconf 81' lang='lat' dir='ltr'><strong>pudeat,</strong></span> <span class='ocrx_word' id='word_1_346' title='bbox 376 4295 468 4356; x_wconf 77' lang='lat' dir='ltr'><strong>quom</strong></span> <span class='ocrx_word' id='word_1_347' title='bbox 487 4272 654 4339; x_wconf 75' lang='lat' dir='ltr'><strong>autumes?</strong></span> <span class='ocrx_word' id='word_1_348' title='bbox 686 4277 835 4336; x_wconf 78' lang='lat' dir='ltr'><strong>Euarrnnt</strong></span> <span class='ocrx_word' id='word_1_349' title='bbox 850 4277 919 4334; x_wconf 78' lang='lat' dir='ltr'><strong>inde</strong></span> <span class='ocrx_word' id='word_1_350' title='bbox 939 4298 956 4334; x_wconf 82' lang='lat' dir='ltr'>a</span> <span class='ocrx_word' id='word_1_351' title='bbox 973 4275 1132 4335; x_wconf 82' lang='lat' dir='ltr'><strong>Lumbino:</strong></span> <span class='ocrx_word' id='word_1_352' title='bbox 1158 4273 1227 4332; x_wconf 85' lang='lat' dir='ltr'><strong>Cre-</strong></span> 
     </span>
     <span class='ocr_line' id='line_1_38' title="bbox 100 4379 1228 4462; baseline -0.008 -20"><span class='ocrx_word' id='word_1_353' title='bbox 100 4385 188 4444; x_wconf 84' lang='lat' dir='ltr'><strong>disne</strong></span> <span class='ocrx_word' id='word_1_354' title='bbox 211 4385 283 4456; x_wconf 85' lang='lat' dir='ltr'><strong>fore,</strong></span> <span class='ocrx_word' id='word_1_355' title='bbox 307 4393 340 4443; x_wconf 87' lang='lat' dir='ltr'><strong>ut</strong></span> <span class='ocrx_word' id='word_1_356' title='bbox 367 4404 412 4442; x_wconf 84' lang='lat' dir='ltr'><strong>ine</strong></span> <span class='ocrx_word' id='word_1_357' title='bbox 435 4383 546 4462; x_wconf 78' lang='lat' dir='ltr'><strong>pudeat</strong></span> <span class='ocrx_word' id='word_1_358' title='bbox 570 4385 642 4454; x_wconf 88' lang='lat' dir='ltr'><strong>sius,</strong></span> <span class='ocrx_word' id='word_1_359' title='bbox 667 4381 746 4457; x_wconf 91' lang='lat' dir='ltr'><strong>quod</strong></span> <span class='ocrx_word' id='word_1_360' title='bbox 769 4381 875 4451; x_wconf 78' lang='lat' dir='ltr'><strong>fateor,</strong></span> <span class='ocrx_word' id='word_1_361' title='bbox 900 4379 1039 4436; x_wconf 82' lang='lat' dir='ltr'><strong>videlieet</strong></span> <span class='ocrx_word' id='word_1_362' title='bbox 1063 4398 1109 4436; x_wconf 88' lang='lat' dir='ltr'><strong>ms</strong></span> <span class='ocrx_word' id='word_1_363' title='bbox 1132 4395 1228 4453; x_wconf 90' lang='lat' dir='ltr'><strong>neque</strong></span> 
     </span>
    </p>
   </div>
   <div class='ocr_carea' id='block_1_6' title="bbox 0 0 1489 5010">
    <p class='ocr_par' dir='ltr' id='par_1_7' title="bbox 0 0 1489 5010">
     <span class='ocr_line' id='line_1_39' title="bbox 0 0 1489 5010; baseline 0 0"><span class='ocrx_word' id='word_1_364' title='bbox 0 0 1489 5010; x_wconf 95' lang='lat' dir='ltr'><strong> </strong></span> 
     </span>
    </p>
   </div>
  </div>
 </body>
</html>
