2932 5010
525 535 557 590 V.
578 537 720 591 rso-810.
1123 539 1184 600 361

78 731 188 788 inventa
215 729 356 807 gaudens.
411 731 524 792 Ultima
558 749 651 790 scenae
679 751 750 808 pars
780 734 887 810 periit3
922 729 1002 808 quod
1031 735 1129 789 autem
1158 733 1189 788 in

79 833 278 910 suprascriptis
311 833 480 892 nominibus
514 835 604 892 etiem
635 833 788 894 Euclionis
821 853 927 893 nomen
960 834 1129 904 invenitur,
1163 835 1194 891 is

79 935 279 994 altercantibus
301 936 375 994 hero
396 942 427 994 et
442 955 528 994 servo
550 939 757 1014 supervenisse
778 937 906 996 videtur.
929 965 966 976 -
986 937 1056 994 802.
1079 935 1190 994 Versus

78 1042 107 1096 ut
121 1039 149 1095 in
166 1037 252 1096 codd.
271 1039 419 1110 scribitur,
443 1038 556 1116 duplici
579 1039 664 1098 hiatu
680 1039 809 1114 laborat,
832 1045 902 1117 post
921 1036 1053 1112 „aulam“
1075 1043 1191 1114 etpost

81 1137 260 1212 „onustsm“;
284 1140 468 1218 Spengelirm,
484 1141 581 1200 Plaut.
595 1161 624 1218 p.
638 1144 708 1216 222,
727 1149 882 1218 utramque
898 1139 1046 1211 defendit,
1071 1140 1188 1199 Miiller.

78 1249 104 1299 et
123 1244 304 1321 transponit:
343 1264 432 1316 ,auro
461 1249 598 1304 onustam
626 1243 741 1304 aulam“
774 1251 805 1304 ot
827 1249 959 1304 extremo
982 1245 1082 1301 versui
1105 1242 1191 1301 addit

80 1341 206 1418 ,bcmo“,
229 1345 342 1406 Ritsch.
364 1344 507 1419 ,aurod“.
541 1345 617 1406 Mihi
640 1348 716 1406 alter
737 1348 836 1406 hiatus
858 1349 889 1404 in
912 1345 1030 1405 dioeresi
1052 1345 1192 1404 ferendus

78 1447 194 1520 videtur,
227 1450 329 1526 priore
364 1454 461 1508 antem
494 1449 559 1508 loco
588 1449 730 1508 excidisse
760 1470 819 1509 vox
847 1448 961 1526 potuit,
997 1467 1062 1524 quse
1090 1453 1191 1506 utrum

80 1549 181 1622 ,hano“
207 1549 311 1623 fuerit,
342 1557 376 1610 ut
398 1550 503 1628 chn.
527 1551 639 1624 voluit,
665 1573 702 1610 an
728 1549 824 1626 „bic“,
850 1571 887 1610 an
914 1549 1035 1623 ,mibi“,
1059 1549 1192 1609 iudicare

77 1672 129 1710 non
147 1656 249 1724 ausim,
269 1653 329 1713 vid.
343 1653 381 1712 ad
394 1656 464 1713 815.
478 1682 520 1692 -
531 1647 768 1730 Qrtadrc'librem,
792 1659 935 1732 quattuor
956 1653 1049 1711 libras
1073 1656 1192 1730 capien-

76 1759 142 1828 tem,
165 1761 237 1816 satis
260 1775 411 1831 magnam,
448 1756 483 1815 cf.
516 1753 690 1828 „bilibrem“
722 1757 788 1815 Mil.
814 1759 884 1816 851.
908 1785 951 1796 -
974 1751 1103 1815 devortier
1125 1775 1192 1814 con·

77 1863 175 1917 tractis
197 1858 311 1917 duabus
333 1859 485 1937 prioribus
508 1859 632 1934 syllabis
654 1859 821 1934 legendnm,
845 1879 872 1918 v.
896 1858 987 1916 Prcll.
1012 1877 1041 1933 p.
1062 1859 1132 1916 214.
1149 1885 1194 1898 -

79 1961 142 2020 803.
173 1957 257 2038 Quis
280 2007 286 2021 .
307 2007 340 2020 ..
367 1959 549 2038 qaisquam,
580 1981 608 2021 v.
634 1962 671 2021 ad
693 1963 778 2020 Asin.
803 1963 874 2020 779.
899 1989 941 2001 --
964 1961 1034 2019 804.
1069 1955 1114 2018 rac'
1136 1979 1195 2035 pro

79 2061 154 2134 ,me“
179 2085 234 2123 em.
253 2063 359 2140 Wagn.
375 2093 419 2104 -
438 2066 509 2124 805.
539 2057 686 2138 Uideortc,
710 2063 777 2124 edd.
798 2093 836 2106 -
859 2059 1059 2136 „Strobilum“
1082 2061 1195 2119 delevit

76 2163 150 2224 Brix.
174 2197 215 2206 -
240 2168 311 2226 806.
335 2161 420 2226 alius
442 2166 512 2224 olinr
535 2166 733 2225 emendatum.
756 2195 799 2208 —
825 2159 1041 2239 ,‚00atollcre“
1067 2165 1110 2221 ait
1131 2161 1194 2220 No·

77 2270 135 2326 niue
162 2289 191 2346 p.
222 2270 259 2328 sl
291 2287 335 2345 sq.
368 2273 489 2340 ,contra
518 2269 639 2342 tollere,
674 2269 800 2327 Plautus
828 2269 997 2327 Aulularia:
1033 2264 1192 2324 contollam

77 2367 225 2443 gradum“.
260 2369 572 2430 RectiusLambinue:
600 2367 781 2444 „conterre“.
806 2401 848 2412 -
871 2373 942 2430 807.
966 2364 1055 2438 iussi,
1079 2367 1200 2440 arse

77 2501 114 2512 -
136 2488 259 2549 eartpee
281 2473 352 2532 olim
375 2474 564 2532 emendatum
588 2479 641 2533 est.
678 2475 751 2533 Post
773 2469 879 2534 adisse
901 2473 1000 2532 bistur
1017 2472 1048 2528 in
1067 2468 1193 2528 dieresi.

77 2573 195 2636 Franok.
208 2583 322 2652 transp.
339 2575 453 2648 ,adisse
472 2575 591 2636 snum“.
612 2606 654 2618 -·
672 2580 742 2636 808.
764 2577 854 2653 utque
874 2571 999 2653 eloquar
1014 2576 1045 2630 in
1066 2571 1150 2630 codd.
1165 2577 1198 2630 et

77 2675 156 2736 buius
178 2685 208 2736 et
230 2679 360 2756 proximi
382 2697 485 2737 versus
502 2680 600 2738 exitus
616 2685 671 2739 est.
706 2677 769 2737 Hoc
785 2678 858 2736 ferri
876 2697 934 2737 non
951 2697 1038 2756 posse
1058 2680 1192 2753 apparet,

77 2799 125 2838 nec
146 2782 273 2840 multum
291 2782 436 2854 iuvamur,
460 2781 541 2858 quod
561 2780 627 2840 edd.
640 2781 669 2839 h.
681 2801 709 2840 v.
726 2776 885 2858 „eloqucr“
907 2780 1052 2839 scribunt.
1087 2777 1193 2852 Wagn.

78 2899 187 2942 versum
210 2889 263 2942 aut
284 2902 388 2942 versus
411 2883 556 2942 excidisse
578 2885 711 2959 putavit,
740 2903 920 2960 quamquam
941 2882 1017 2940 nihil
1041 2879 1194 2938 desidera·
1239 2959 1243 2968 ι

77 2989 130 3043 tur.
163 2985 311 3063 Equidem
333 3007 392 3045 non
415 2987 527 3060 dubito,
551 2987 623 3063 quin
647 3005 748 3044 errore
769 2985 909 3044 librarius
933 2987 1044 3043 exitum
1064 2981 1196 3059 proximi

78 3105 171 3146 versus
200 3089 228 3147 h.
253 3088 273 3146 l.
296 3091 488 3166 praeceperit3
522 3088 570 3146 bic
598 3087 671 3164 quid
698 3088 805 3159 fuerit,
839 3088 1021 3160 ignoramus.
1050 3113 1093 3124 --
1122 3085 1193 3143 809.

79 3182 180 3263 Ipitrrr,
204 3193 223 3249 i.
243 3209 268 3248 e.
292 3197 365 3264 tum,
388 3211 416 3250 v.
440 3191 478 3250 ad
501 3190 609 3267 Amph.
634 3191 705 3248 207.
728 3217 771 3230 -
792 3203 888 3249 mareu
911 3185 1048 3248 ernittere
1070 3184 1197 3244 Plautus

79 3289 169 3350 dicere
192 3293 279 3365 solet,
302 3297 336 3351 ut
359 3292 443 3352 Curc.
463 3295 533 3352 616.
567 3289 655 3350 Most.
675 3293 746 3352 959.
780 3291 861 3350 Pers.
882 3292 954 3349 484.
988 3289 1056 3348 Ter.
1074 3288 1194 3346 Phorm.

81 3393 144 3452 830.
168 3396 205 3454 al.
230 3425 272 3434 -
294 3388 352 3454 l'do
375 3395 441 3454 edd.

159 3499 228 3557 810.
254 3491 399 3572 Repperi.
433 3497 468 3556 L.
496 3493 581 3574 Quid
602 3498 772 3557 rubricator
794 3496 904 3555 codicis
928 3495 960 3567 B,
980 3494 1006 3554 D
1031 3494 1193 3570 ceterique.

79 3625 117 3637 -
138 3593 211 3659 Noc
234 3596 318 3676 quod
337 3597 428 3676 pueri
450 3596 665 3660 clamitantis
686 3595 762 3678 faba
784 3615 818 3659 se
838 3595 1025 3675 repperisse,
1049 3599 1068 3657 i.
1088 3617 1113 3656 e.
1134 3617 1196 3656 non

79 3699 146 3760 leve.
159 3703 300 3780 quiddam
323 3708 375 3761 ant
397 3705 594 3778 nugatorium.
629 3702 748 3760 Lamb.:
776 3721 830 3776 „ne
854 3702 1003 3760 existimes
1020 3721 1081 3758 rem
1100 3699 1195 3772 nihili,

56 3845 60 3856 .
79 3811 147 3877 puts
158 3805 359 3877 vermiculum,
379 3825 466 3882 quem
483 3802 628 3878 ,midam“
643 3811 758 3878 vocant,
778 3825 823 3863 me
840 3807 1018 3882 repperisse,
1037 3801 1089 3860 sed
1108 3799 1196 3876 qnid·

80 3905 141 3965 darn
164 3905 359 3984 pretiosnm“.
405 3907 475 3979 Quae
497 3909 679 3984 posteriores
700 3910 913 3984 repetiverunt,
937 3909 988 3964 vix
1010 3909 1107 3974 recte,
1142 3923 1197 3962 nec

81 4011 151 4067 enim
173 4011 259 4088 pueri
286 4011 317 4068 in
344 4010 419 4069 labis
449 4029 563 4068 vermes
586 4015 638 4068 aut
661 4016 798 4086 quaerunt
820 4015 871 4068 eut
892 4009 1020 4068 inventis
1044 4005 1196 4064 exsultant

82 4113 195 4184 gaudio,
231 4114 319 4171 immo
342 4112 466 4171 horrent
489 4118 519 4170 et
541 4112 694 4172 abiiciunt.
749 4111 841 4171 Aliud
870 4111 961 4169 fixerit
988 4128 1108 4168 necesse
1140 4110 1194 4165 est.

81 4210 159 4282 Quod
182 4217 207 4273 si
230 4217 429 4292 suspicionem
459 4213 593 4291 prolerre
615 4215 686 4273 licet
708 4215 790 4273 nullo
813 4215 1001 4290 antiquitatis
1023 4209 1196 4270 testimonio

81 4316 181 4388 nixam,
204 4323 239 4376 ut
261 4321 355 4376 nostri
378 4321 464 4395 pueri
487 4321 519 4376 in
542 4317 678 4375 fabarum
697 4321 727 4375 et
746 4319 873 4376 cicerum
889 4317 1008 4393 siliquis
1026 4311 1197 4390 aperiendis

81 4418 103 4472 si
124 4439 225 4478 noveru
254 4420 338 4480 fabas
367 4426 420 4478 aut
443 4419 600 4478 cicerculae
624 4418 725 4478 eadem
748 4419 857 4493 siliqua
879 4418 1007 4476 inclusas
1029 4415 1197 4486 inveniunt,
