2956 5010
275 515 335 576 582
755 499 895 558 Curculio.

274 713 305 764 et
326 701 424 778 „alcs“
446 703 578 760 dixisset.
622 701 655 759 tu
672 698 784 773 addidi,
802 697 883 775 qnod
899 698 1066 757 necessario
1082 695 1209 773 requirit
1224 695 1370 772 proximum

274 803 405 884 Errone?
438 801 560 879 „debis“
585 803 671 862 facile
694 802 823 862 auditur.
846 831 889 842 -·-
910 817 966 876 me,
989 819 1049 860 non
1075 792 1180 871 „med“
1205 795 1371 856 scribendum

275 931 339 970 esse
369 928 471 968 versus
498 907 641 968 ostendit.
670 937 713 946 -
742 907 812 965 663.
853 897 969 966 Uerum
1001 896 1102 962 hercle
1134 895 1214 960 dice.
1262 899 1283 957 B
1307 899 1373 958 hunc

275 1034 391 1073 versum
414 1011 584 1071 Curculioni
607 1011 775 1082 continuat;
808 1007 822 1064 I
845 1007 995 1084 ceterique
1017 1005 1107 1064 militi
1135 1003 1225 1076 dant,
1247 1001 1320 1080 quod
1338 1006 1375 1060 ita

274 1121 356 1175 tenet
379 1115 538 1188 Acidalius,
561 1118 596 1172 ut
621 1107 730 1188 ,dicit“
756 1112 887 1194 corrigat
910 1115 940 1168 et
961 1123 1071 1168 uerum
1091 1103 1243 1184 „aequum“
1263 1109 1374 1174 enemat,

275 1219 355 1297 quod
377 1217 442 1277 fieri
470 1219 520 1276 vix
548 1221 660 1296 potest,
695 1229 874 1293 quemquam
902 1215 1016 1288 recepit
1039 1211 1083 1270 Fl.
1107 1209 1202 1268 Immo
1225 1207 1376 1268 Curculioni

275 1323 429 1398 aptissima
455 1325 501 1380 est
528 1317 673 1378 eiusmodi
701 1317 891 1378 asseveratio.
943 1316 1083 1374 Proxima
1109 1333 1182 1374 vero
1210 1313 1235 1370 si
1262 1310 1376 1369 eiusdem

275 1425 459 1482 Curculionis
477 1427 553 1495 sunt,
571 1423 736 1481 necessario
753 1419 941 1478 scribendum
960 1423 1018 1477 est:
1046 1437 1110 1493 „me
1122 1416 1246 1475 iubente
1257 1411 1376 1484 fecerit“,

274 1529 293 1586 i.
308 1549 332 1585 e.
356 1528 453 1586 faciet.
487 1525 544 1585 Sed
566 1525 613 1582 his
635 1526 678 1583 ita
700 1523 873 1597 adiungitur
895 1517 1046 1598 proximus
1068 1539 1181 1592 versus,
1206 1522 1239 1576 ut
1261 1515 1375 1576 eiusdem

275 1649 408 1706 persone
431 1649 494 1688 esec
517 1627 669 1699 videatur3
703 1628 805 1703 itaque
834 1625 869 1682 ah
892 1625 937 1683 his
960 1625 1065 1682 militis
1088 1622 1181 1682 verbe
1210 1641 1292 1681 orsus
1312 1638 1375 1676 sun.

274 1732 463 1810 R1·cipiendee
487 1735 586 1790 autem
610 1735 697 1788 erant
719 1727 882 1788 Camerarii
905 1729 1082 1787 coniecturae
1106 1719 1162 1784 Me
1191 1719 1322 1798 lubere,
1347 1721 1377 1778 ci.

275 1835 363 1894 Stich.
389 1836 466 1894 474:
506 1832 659 1908 „Lubente
682 1852 728 1890 mc
751 1832 850 1890 hercle
872 1826 992 1901 facies“,
1017 1833 1047 1887 et
1070 1820 1140 1914 Sed.
1165 1857 1208 1868 -
1231 1829 1298 1886 665.
1323 1821 1380 1885 itt'c

275 1939 330 2012 Fr,
354 1959 408 1996 nec
429 1937 528 1996 hiatus
550 1941 620 2012 post
646 1932 756 2010 ,Quid
782 1935 951 1992 verisimilis
974 1937 1028 1991 est.
1090 1931 1197 1990 Militis
1219 1930 1307 1990 rerba
1326 1949 1379 1987 esee

275 2042 345 2099 clim
369 2040 553 2098 intellectum
576 2043 629 2097 est.
653 2070 695 2078 -
722 2033 920 2114 repromisit,
951 2055 1041 2112 quum
1072 2054 1125 2112 ego
1153 2037 1307 2112 pecuniam
1332 2053 1379 2110 prc

275 2143 374 2220 puella
397 2144 609 2220 promitterem.
635 2171 677 2180 -
702 2143 773 2199 667.
795 2137 925 2201 reddere
946 2139 1086 2210 Gronov,
1110 2138 1146 2198 cf.
1166 2137 1205 2196 ad
1221 2139 1301 2196 Asin.
1318 2138 1379 2194 439.

275 2265 366 2324 supra
396 2249 465 2305 597.
510 2245 609 2304 Aulul.
637 2247 705 2303 108.
750 2243 855 2304 Bacch.
880 2245 950 2302 965.
974 2273 1016 2282 —
1047 2241 1117 2300 668.
1155 2233 1251 2300 Nunc
1277 2254 1378 2300 eumue.

274 2351 344 2408 Haec
367 2347 442 2408 dett.
461 2347 546 2406 codd.
567 2354 597 2405 et
619 2347 686 2406 edd.
704 2347 819 2423 priores
836 2345 1012 2404 Phaedromo
1036 2343 1119 2416 dant,
1145 2345 1226 2420 quod
1249 2342 1311 2400 fieri
1330 2360 1380 2398 non

274 2456 391 2529 potest,
431 2451 477 2509 Fl.
506 2451 675 2509 Curculioni
710 2449 808 2521 dedit,
849 2469 903 2507 nos
935 2467 1000 2506 cum
1031 2447 1054 2506 B
1087 2447 1178 2504 militi
1211 2445 1380 2506 continuavi·

276 2575 348 2625 mus,
371 2553 539 2610 Curculioui
563 2559 661 2611 autem
684 2547 795 2612 Laudo
819 2551 960 2619 dedimus,
985 2550 1064 2627 quod
1087 2548 1173 2607 codd.
1198 2555 1228 2608 et
1250 2547 1314 2607 edd.
1335 2548 1381 2605 mi·

275 2657 490 2714 liu-671.
516 2647 599 2727 Fiet,
624 2655 659 2714 cf.
685 2657 735 2713 41.
780 2655 887 2731 Amph.
913 2656 982 2713 763.
1024 2653 1107 2711 Asin.
1132 2655 1182 2727 40·
1229 2652 1380 2712 Aulum.

275 2758 378 2816 Bacch.
412 2759 501 2816 1199.
552 2758 635 2834 Capt.
667 2759 738 2816 213.
789 2758 877 2816 Most.
911 2760 1000 2816 1022.
1051 2755 1127 2814 Rud.
1160 2758 1251 2815 1337.
1280 2757 1316 2815 al.
1348 2782 1381 2793 -

276 2864 345 2920 673.
380 2860 437 2919 Pro
461 2865 603 2938 corrupto
624 2875 721 2919 dnum
743 2861 849 2938 scripsi
873 2877 951 2933 una,
978 2864 1013 2918 ut
1034 2860 1201 2936 parasitus,
1234 2861 1285 2935 qui
1306 2863 1383 2917 antea

274 2965 372 3021 dotem
396 2965 588 3041 premiserat,
613 2961 659 3021 hic'
682 2966 849 3040 sponsionis
872 2967 1021 3023 auctorem
1043 2982 1074 3020 se
1096 2963 1199 3021 faciat.
1243 2961 1384 3020 Acidalius

275 3065 356 3125 aliud
373 3067 514 3144 seriptum
528 3067 619 3125 fuisse
637 3068 763 3142 putavit,
783 3071 814 3123 et
825 3066 1000 3124 Phaedromo
1017 3065 1079 3124 haec
1096 3067 1233 3124 tribuens
1251 3065 1383 3124 coniecit:

277 3169 335 3244 „Et
346 3187 411 3243 vego
434 3169 503 3227 huie
526 3169 623 3228 cibum
646 3188 705 3226 una
723 3165 891 3245 spondeo“;
915 3169 993 3227 unde
1006 3169 1143 3228 Bothius:
1171 3169 1231 3244 „Et
1247 3187 1300 3243 ego
1316 3168 1385 3225 hune

275 3274 425 3330 alumnum
448 3267 616 3348 spondeo“;
639 3271 700 3330 Fl.:
728 3271 807 3345 „PH.
831 3271 872 3328 Et
894 3289 947 3344 ego
970 3292 988 3329 e
1010 3291 1057 3330 me
1080 3271 1150 3330 huic
1171 3276 1284 3332 uictum
1306 3290 1385 3348 spon-

52 3371 54 3374 ’
158 3453 159 3458 ¹
274 3375 339 3434 deo.
374 3375 460 3434 CUR.
480 3373 593 3452 Lepide
610 3370 713 3432 facis“.
747 3373 871 3431 Miiller:
900 3371 957 3445 „Et
974 3391 1027 3450 ego
1049 3372 1118 3433 huic
1140 3375 1260 3450 quidem
1282 3377 1385 3433 uictum

275 3475 438 3554 spondec“.
479 3477 524 3535 Fi.
548 3482 693 3554 praeterea
714 3482 784 3553 post
805 3477 883 3535 hune
904 3495 1022 3534 versum
1043 3476 1131 3554 plura
1153 3477 1298 3536 excidisse
1315 3477 1386 3535 arhi-

273 3584 369 3638 tratus
394 3584 453 3652 est;
487 3599 546 3637 non
575 3579 672 3638 credo.
695 3609 738 3620 --
772 3580 842 3638 674.
877 3594 979 3638 eccum
1006 3574 1159 3655 lenonem,
1192 3577 1322 3652 incedit,
1354 3578 1386 3637 ef.

273 3683 380 3762 Amph.
396 3684 472 3742 998:
493 3702 612 3756 „eccum
622 3682 881 3760 Amphitruonem,
895 3680 1045 3742 aduenit“.
1080 3683 1145 3741 Mil.
1161 3685 1257 3742 1282:
1280 3701 1388 3756 ,eccum

274 3787 518 3858 Palaestrionem,
542 3781 632 3845 stet“.
671 3785 712 3845 ib.
740 3787 833 3845 1207:
861 3805 977 3858 „eccam
999 3787 1103 3862 ipsam,
1128 3783 1311 3860 egreditur“.
1354 3784 1387 3842 Η.

273 3893 400 3949 Laevus
419 3890 604 3948 accusativus
624 3883 823 3948 thensaurum
840 3903 941 3947 marm
958 3908 1011 3964 per·
1028 3889 1247 3964 appositionem
1265 3888 1388 3946 additur.

360 3995 431 4052 675.
462 3992 603 4051 Extrema
624 3991 733 4051 fabule
756 4012 844 4050 scena
866 3993 1045 4070 septenariis
1066 3990 1241 4065 trochaicis,
1275 3990 1391 4049 utheri

273 4097 358 4169 solet,
382 4097 546 4174 composite
568 4100 623 4154 est.
668 4096 703 4154 In
730 4095 900 4154 nominihus
929 4095 1140 4172 suprascriptis
1169 4113 1206 4152 ne
1235 4095 1300 4171 quis
1322 4093 1390 4152 Gur

274 4201 398 4258 culionis
421 4219 527 4258 nomen
551 4197 716 4272 desideret,
751 4200 776 4257 is
804 4199 918 4256 nullum
946 4197 1073 4276 amplius
1102 4196 1226 4255 verbum
1247 4197 1332 4269 facit,
1362 4201 1389 4252 et

274 4303 460 4379 apertissimo
499 4321 601 4360 errore
640 4303 667 4360 ei
706 4301 797 4360 codd.
842 4321 869 4359 v.
900 4303 1024 4360 707-9
1063 4301 1207 4359 nonnulla
1247 4299 1388 4358 tribuunt.

275 4404 357 4462 Leno
384 4405 477 4462 intrat
504 4404 604 4476 laetus,
634 4405 714 4481 quod
744 4405 843 4463 decem
872 4397 980 4476 minas,
1011 4423 1083 4480 quas
1112 4407 1139 4461 ei
1164 4403 1293 4462 dehebut
1314 4403 1389 4478 Lyco
