2932 5010
237 495 300 556 302
722 487 873 542 Aulularla.

236 686 285 742 oui
303 681 466 761 respondet
482 679 719 759 intercapedo.“)
742 683 884 759 proximis
906 681 1024 740 demum
1046 682 1181 742 versibus
1204 682 1242 741 ab
1265 682 1362 740 altero

235 803 332 862 eoquo
361 785 541 858 intruditur;
576 784 631 844 hoo
659 783 725 844 loeo
760 784 891 843 nondum
919 784 1090 843 advocatur.
1118 813 1161 840 .-
1198 787 1271 843 277.
1306 782 1362 854 Ειι,

237 888 349 964 inquit,
384 887 581 965 prostibulum
617 905 706 964 quam
738 885 815 945 belle
849 891 879 944 et
911 886 1020 963 pudice
1048 885 1197 964 loquitur!
1225 915 1264 926 -
1290 887 1363 944 278.

240 983 334 1062 Post,
364 991 423 1048 nisi
446 991 493 1048 oui
515 991 593 1049 forte
616 989 760 1068 Lipsiana
781 991 929 1066 scriptura
950 1007 1055 1048 versus
1079 991 1140 1048 275
1163 989 1280 1066 placet,
1304 1008 1364 1046 non

238 1091 338 1164 hebet,
363 1111 421 1169 quo
444 1093 607 1166 reseratur,
631 1111 723 1169 quare
746 1111 812 1151 oum
835 1091 984 1168 Wagnero
1007 1093 1107 1169 reoepi
1129 1091 1225 1150 Brixii
1248 1093 1364 1150 eoniee·

237 1199 335 1252 turam
360 1187 433 1268 Pol,
457 1195 493 1254 of.
518 1194 615 1254 Oasin.
641 1196 711 1254 345.
735 1193 808 1254 Hor.
826 1193 883 1273 Ep.
900 1193 923 1266 I,
948 1196 977 1266 7,
1002 1195 1052 1252 92.
1097 1191 1156 1252 Pro
1178 1208 1243 1252 nore
1265 1187 1365 1252 uelles

238 1295 367 1355 Goeller.
398 1301 428 1354 et
454 1295 560 1372 Wagn.
589 1292 768 1370 „nauelles“,
799 1295 836 1354 ef.
862 1297 931 1354 154.
961 1325 1004 1336 -
1032 1297 1103 1355 279.
1137 1289 1243 1372 Atque
1271 1314 1363 1372 quum

237 1399 388 1457 interdum
409 1417 506 1476 prope
528 1399 649 1458 aceedst
676 1397 715 1457 ad
742 1397 939 1457 adversativae
962 1399 1180 1458 ooninnotionis
1202 1398 1263 1456 vim
1288 1395 1362 1470 (vid.

237 1501 275 1560 ad
298 1501 405 1579 Amph.
430 1503 501 1574 948,
525 1506 556 1560 et
578 1501 613 1560 ol.
637 1501 722 1579 Gapt.
746 1503 818 1560 480.
856 1499 994 1560 Pseudol.
1022 1497 1126 1574 1026),
1152 1506 1254 1558 tamen
1278 1519 1364 1558 num·

237 1623 326 1681 quem
349 1623 470 1681 prorsus
493 1603 571 1663 idem
599 1603 646 1676 fit;
676 1603 706 1662 h.
729 1603 749 1662 l.
773 1601 840 1661 edd.
864 1604 929 1662 iure
956 1597 1056 1678 Atqui
1083 1603 1237 1680 seripsisse
1259 1601 1363 1660 viden·

239 1712 299 1765 tur.
333 1737 375 1747 -
409 1703 563 1779 discerem,
594 1707 654 1765 vid.
678 1705 716 1765 ad
738 1705 846 1782 Amph.
872 1706 942 1765 379.
980 1733 1017 1746 -
1052 1699 1261 1778 alienorum,
1291 1707 1312 1762 i.
1338 1725 1362 1762 e.

237 1811 338 1868 animo
361 1811 393 1868 in
415 1809 504 1867 aliam
527 1809 704 1867 sententiam
728 1827 879 1880 converso,
903 1809 940 1866 ol.
963 1807 1031 1866 Ter.
1055 1806 1131 1866 Eun.
1156 1809 1211 1866 82ι
1239 1825 1364 1879 „uereor

236 1932 274 1970 ne
298 1959 305 1972 .
325 1959 331 1972 .
352 1957 358 1971 .
382 1911 524 1970 aliorsum
553 1915 644 1988 atque
672 1927 727 1984 ego
750 1910 805 1968 feei
829 1906 1006 1986 acceperit“.
1051 1909 1177 1988 Propria
1198 1911 1230 1968 vi
1255 1910 1363 1983 „alior-

238 2011 321 2074 enm“
353 2014 440 2074 Truo.
470 2015 542 2073 402.
571 2041 613 2052 -
640 2011 782 2070 Proximo
816 2031 903 2070 versu
930 2011 1019 2071 Both.
1048 2012 1159 2090 aliique
1183 2009 1281 2089 „quo“
1307 2031 1362 2089 pro

236 2113 321 2194 quod
348 2115 519 2188 ediderunt3
552 2114 605 2173 sed
627 2114 752 2172 Plautus
775 2119 926 2172 shuotura
947 2117 1044 2174 minus
1067 2114 1211 2173 adstricta
1232 2115 1363 2173 voluisse
1445 2149 1446 2180 2

235 2219 369 2278 videtur:
407 2201 484 2294 „non
506 2217 589 2276 istud
606 2217 677 2288 dixi,
701 2215 782 2294 quod
798 2221 831 2274 tu
854 2214 1039 2276 insimulas“.
1063 2246 1107 2257 —
1129 2217 1201 2276 282.
1224 2215 1363 2275 Numerio

236 2341 327 2398 quum
350 2320 464 2398 aliquid
486 2319 589 2378 deesse
612 2325 765 2396 appareat,
789 2317 890 2377 Dousa
909 2313 1025 2391 „senis“
1046 2317 1139 2391 addit,
1162 2319 1361 2397 Kampmann.

240 2421 356 2496 „hino“,
385 2441 472 2499 quem
499 2425 618 2481 secutus
645 2441 719 2480 sum.
748 2451 791 2460 -
821 2422 880 2480 283
911 2419 998 2480 affert
1020 2419 1134 2480 Gellius
1156 2421 1209 2494 111,
1238 2423 1287 2494 14,
1315 2423 1361 2492 15,
1445 2431 1446 2434 ’

237 2545 294 2602 pro
323 2519 394 2584 hinc
418 2521 502 2599 „hio“
528 2524 669 2583 scribens.
691 2553 735 2564 -
758 2525 829 2583 285.
865 2518 944 2582 ditis
967 2523 1051 2584 oodd.
1076 2523 1100 2582 B
1123 2523 1165 2596 D;
1200 2519 1324 2597 ,duois“
1348 2522 1362 2580 1

238 2627 403 2704 ceterique,
428 2625 508 2704 quod
532 2626 619 2685 multi
640 2625 840 2704 praetulerunt
862 2632 1035 2684 enarrantes
1064 2629 1191 2700 πέμπεις,
1220 2645 1361 2704 pompam

236 2727 338 2800 duoia3
371 2745 439 2787 nam
472 2747 582 2805 pompa
615 2727 651 2786 de
687 2727 789 2806 coquis
824 2733 855 2786 et
890 2728 1043 2787 culinariis
1076 2729 1286 2787 instrumentis
1320 2728 1362 2786 di·

237 2832 329 2904 citur,
354 2835 388 2890 ut
410 2829 506 2890 Oasin.
526 2832 601 2890 68οι
639 2829 749 2904 „Redit
770 2849 869 2890 eorum
890 2830 1012 2890 tandem
1035 2835 1183 2907 opsonatu
1205 2849 1290 2890 meus
1312 2829 1362 2890 ad·

237 2935 332 3006 intor3
355 2953 496 3012 pompam
518 2929 630 2992 ducit“.
675 2932 724 2992 Sie
746 2939 862 3005 autem,
890 2937 925 2990 ut
951 2937 1031 2992 reete
1054 2932 1269 2992 animadvertit
1297 2933 1362 2992 Aoi-

238 3036 343 3110 deline,
366 3037 534 3095 necessario
560 3031 714 3110 „domum“
739 3035 911 3112 requiritur,
941 3039 1030 3112 atque
1053 3037 1144 3094 etiam
1166 3055 1232 3095 oum
1257 3034 1362 3094 Bothio

240 3135 332 3213 „huo“
358 3139 555 3197 scribendum.
605 3137 735 3197 Retenta
756 3141 854 3196 autem
876 3137 1021 3196 bonorum
1049 3135 1183 3196 oodioum
1212 3140 1362 3214 scriptura

237 3237 332 3317 (licit,
366 3240 583 3301 dubitationem
612 3247 725 3314 mouet,
749 3237 831 3317 quod
859 3233 931 3299 huic
952 3244 1043 3317 poeta
1069 3257 1129 3297 non
1159 3236 1283 3314 „uobia“
1310 3259 1360 3315 op·

237 3347 341 3420 ponit,
365 3343 445 3421 quod
467 3363 571 3402 versus
592 3341 745 3421 prohibet,
769 3341 821 3400 sed
844 3337 936 3414 domi,
960 3341 1023 3401 soil.
1049 3340 1265 3400 comedendum
1289 3361 1359 3413 esse,

236 3450 272 3505 nt
300 3463 405 3505 versus
433 3446 522 3505 simili
550 3445 733 3524 negligentia
758 3443 876 3503 laboret
904 3463 938 3502 ao
966 3445 1037 3503 280.
1068 3471 1111 3484 -
1134 3445 1205 3504 286.
1242 3438 1362 3518 Nesope
1444 3445 1445 3474 r

238 3547 398 3624 repetitum
427 3550 460 3608 in
488 3566 645 3625 responso,
675 3547 712 3608 ol.
735 3545 811 3606 Rud.
837 3547 907 3605 565.
933 3547 1004 3605 567.
1026 3575 1069 3586 -
1099 3547 1170 3605 287.
1192 3560 1304 3622 serres,
1333 3565 1359 3603 r.
1444 3573 1445 3592 ι

238 3649 358 3725 Proleg.
371 3669 401 3727 p.
415 3651 486 3708 202.
498 3679 541 3691 -
557 3645 634 3726 filio
649 3645 692 3723 in,
715 3649 814 3708 hiatus
831 3647 983 3721 molestus,
1007 3648 1090 3706 ouiue
1111 3667 1206 3725 pauoa
1228 3647 1361 3725 exempla

239 3753 347 3830 oollegi
382 3751 496 3829 Proleg.
525 3771 555 3830 p.
586 3753 657 3812 219.
714 3749 862 3811 Camerar.
896 3749 989 3826 „filiai
1018 3746 1067 3808 in“
1098 3751 1234 3828 scripsit,
1270 3749 1360 3809 Laeb-

239 3874 366 3914 mannus
397 3854 434 3914 ad
463 3853 580 3913 Lucret.
603 3873 633 3931 p.
660 3855 733 3926 161,
769 3873 859 3932 quum
887 3853 966 3912 illem
994 3853 1125 3931 genetivi
1155 3851 1282 3911 formam
1310 3852 1359 3910 eli·

238 3961 353 4018 si'onem
371 3958 435 4035 pati
454 3961 589 4034 negaret:
617 3954 708 4030 „filiai
725 3952 869 4034 nuptiis“,
893 3956 929 4016 os.
949 3957 1020 4015 364.
1045 3956 1116 4014 532.
1140 3957 1212 4028 790,
1237 3958 1360 4014 tortasse

237 4067 329 4134 reete,
353 4061 492 4138 quoniam
515 4059 561 4117 hia
585 4057 683 4118 tribus
705 4059 780 4119 loois
803 4059 888 4118 abest
908 4057 1091 4136 propositio.

325 4164 396 4222 289.
438 4155 558 4222 Pumex
585 4166 710 4238 propter
738 4161 923 4233 ariditatem,
959 4177 1018 4238 qua
1045 4177 1154 4237 aquam
1181 4161 1283 4218 statim
1309 4158 1358 4216 ab·

237 4263 348 4339 sorbet,
371 4267 402 4323 in
424 4262 618 4342 proverbium
641 4263 724 4337 abiit,
748 4265 785 4323 os.
808 4263 891 4322 Pers.
915 4264 972 4321 42:
1000 4267 1052 4335 ,tu
1074 4281 1182 4339 aquom
1205 4281 1223 4320 a
1245 4262 1358 4339 pumioe

237 4387 316 4426 nuno
337 4367 481 4445 postulas,
511 4367 563 4444 qui
584 4367 667 4444 ipsus
690 4363 803 4424 sitiat“.
855 4363 962 4424 Pseud.
987 4367 1043 4424 75:
1080 4364 1175 4438 ,Quin
1197 4362 1271 4423 fles?
1302 4360 1356 4421 PS.
1443 4401 1444 4404 η
