2928 5010
820 471 910 526 Plauti
1193 470 1232 540 11,
1244 473 1404 541 1,52-2,12

737 659 1001 728 Philocrates

1084 769 1154 850 Em,
1178 771 1265 836 istuc
1287 771 1314 835 si
1334 777 1408 854 potes

304 877 494 944 Memoriter
516 876 711 958 meminisse,
735 877 822 942 inest
845 898 920 961 spes
943 877 1039 944 nobis
1062 861 1096 944 in
1118 877 1181 944 hac
1204 879 1333 946 astutia.

305 1287 447 1356 SENEX
470 1286 644 1372 (HEGIO).
688 1287 825 1354 EIDEM
849 1287 1156 1371 (PHILOORATES
1179 1288 1410 1370 TYNDARL'S).

807 1465 938 1548 Hegio

306 1577 376 1643 lam
396 1597 455 1660 ego
473 1581 625 1640 rouortar
639 1571 738 1654 intro,
762 1576 789 1640 si
808 1563 847 1639 ex
865 1574 916 1640 his
935 1596 1019 1658 quae
1031 1575 1114 1658 puolo
1133 1577 1351 1657 exquisiuero.
1373 1593 1413 1644 250

307 1684 371 1750 Ubi
393 1691 469 1751 sunt
490 1684 554 1764 isti,
578 1705 661 1768 quos
685 1691 760 1748 ante
784 1684 874 1748 aedis
897 1685 980 1750 iussi
1002 1682 1067 1749 huc
1090 1684 1228 1768 produci
1250 1683 1355 1750 foras?

742 1823 998 1892 Philocrates

308 1937 433 2022 Edepol
455 1935 516 2002 tibi
539 1956 580 2000 ne
603 1935 636 2000 ia
658 1935 850 2018 quaestione
873 1955 1018 2000 essemus
1042 1939 1176 2000 cautum
1198 1935 1363 2018 intellego:

307 2047 360 2112 Ita
382 2043 500 2110 uinclis
524 2042 747 2126 custodiisque
771 2043 1031 2108 circummoeniti
1055 2064 1177 2109 sumus.

811 2185 939 2269 Hegio

310 2297 372 2376 Qui
395 2303 501 2376 cauet,
524 2317 565 2360 ne
589 2295 781 2380 decipiatur,
805 2295 861 2358 uix
886 2302 991 2374 canet,
1015 2315 1113 2376 quom
1137 2295 1236 2380 etiam
1259 2304 1358 2360 canet.

307 2407 419 2472 Etiam
442 2426 540 2487 quom
563 2403 691 2468 cauisse
713 2407 834 2481 ratust,
859 2423 955 2486 saepe
977 2403 1007 2468 is
1031 2409 1147 2468 cautor
1165 2409 1283 2488 captus
1302 2411 1354 2467 est.
1376 2419 1414 2468 aso

306 2518 357 2582 An
379 2534 457 2580 uero
479 2534 545 2578 non
566 2511 655 2576 iusta
677 2517 819 2590 causast,
844 2517 881 2574 ut
903 2531 962 2576 uos
986 2532 1113 2578 seruam
1137 2511 1262 2590 sedulo,
1462 2569 1463 2578 ,

308 2625 395 2704 Quos
417 2629 486 2688 tam
509 2619 626 2704 grandi
650 2619 710 2684 sim
733 2625 899 2684 mercatus
922 2621 1088 2704 praesenti
1111 2620 1272 2704 pecunia?

740 2759 1001 2827 Philocrates

307 2877 421 2959 Neque
438 2871 494 2959 pol
512 2871 573 2938 tibi
590 2893 660 2947 nos,
684 2869 762 2952 quia
778 2890 838 2934 nos
856 2890 979 2966 seruas,
1003 2880 1175 2953 aequomst
1192 2873 1275 2937 uitio
1294 2877 1414 2936 uortere.
1461 2925 1462 2930 ,

308 2985 421 3066 Neque
444 2980 604 3058 tauchis,
629 2979 658 3044 si
682 2978 839 3044 abeamus
862 2979 945 3059 hinc,
969 2979 996 3044 si
1018 2977 1092 3044 fuat
1114 2981 1253 3046 occasio

810 3119 866 3184 He
903 3121 940 3185 io

307 3233 351 3298 Ut
373 3254 433 3298 uos
455 3230 518 3310 hic,
540 3229 654 3296 itidem
678 3229 746 3293 illic
768 3228 857 3312 apud
875 3141 939 3294 iios
963 3250 1055 3295 meus
1079 3237 1233 3295 seruetur
1255 3229 1344 3295 filius.
1377 3241 1417 3293 eoo
1460 3229 1461 3276 l

746 3370 1005 3439 Philocrates
1295 3393 1297 3396 ·

309 3481 435 3566 Captus
458 3481 532 3546 est?

810 3587 942 3671 Hegio

579 3694 641 3760 Ita.

743 3801 1005 3870 Philocrates

684 3910 759 3976 Non
782 3911 882 3986 igitur
904 3935 963 3978 nos
987 3913 1050 3979 soli
1072 3915 1183 3996 ignaui
1206 3915 1331 3980 fuimus.

379 4191 429 4244 248
447 4195 541 4258 potest
616 4191 738 4246 Titrdus:
773 4189 893 4244 SENEX
912 4189 1024 4243 HEGIO
1043 4179 1203 4246 PHILOC—lt
1221 4189 1334 4246 EIDEM
1348 4177 1417 4237 ΤΥΧ-

309 4273 432 4330 DARUS
492 4279 540 4330 251
561 4275 634 4330 foras
651 4278 772 4352 proximi
789 4293 887 4331 uersus
904 4278 1015 4331 initiam
1032 4275 1109 4342 facet.
1164 4279 1213 4331 252
1232 4279 1259 4331 in
1278 4291 1323 4330 om.
1340 4289 1369 4324 m·
1381 4281 1416 4334 Pl·

311 4361 361 4415 253
380 4361 498 4416 uinculis
569 4365 619 4416 255
636 4367 714 4416 ratus
733 4367 777 4416 eet
847 4365 893 4416 261
915 4363 1006 4432 ignari
