2960 5012
84 485 123 552 IV,
131 488 153 553 9,
166 487 275 554 17—10,
287 487 305 539 4
559 484 712 538 Aulularia„

509 756 763 824 LYGONIDES.

87 913 213 992 Quinam
242 914 340 979 homo
367 913 422 979 hic
449 919 525 978 unte
553 913 645 978 cedis
672 919 804 978 nostres
833 911 959 978 eiulans
988 915 1200 996 conqueritur

739 1022 908 1086 maerens?
1146 1041 1200 1092 720

85 1135 180 1216 Atque
202 1131 257 1196 hic
280 1129 412 1215 quidem
434 1129 591 1210 Eucliost,
614 1136 652 1194 ut
674 1129 799 1214 opinor.
835 1127 965 1213 Oppido
988 1149 1048 1213 ego
1070 1131 1201 1212 interii;

738 1237 883 1322 palamst
905 1259 968 1302 res.

86 1349 145 1414 Scit
165 1347 332 1432 peperisse
354 1345 430 1427 iem,
453 1351 491 1412 ut
514 1365 573 1428 ego
598 1347 720 1429 opinor,
745 1345 847 1410 filiam
869 1367 971 1412 susm,
1006 1345 1101 1413 Nunc
1119 1347 1200 1412 mihi

712 1459 715 1466 '
741 1455 946 1533 incertumst,

84 1565 196 1630 theam
219 1585 263 1628 un
285 1583 445 1642 maneam,
476 1559 592 1626 adeum
615 1583 658 1627 an
679 1561 812 1645 fugiam.
848 1562 934 1641 Quid
957 1582 1060 1646 egum,
1084 1563 1202 1647 edepol

741 1693 861 1738 nescno.

403 2004 572 2072 EUCLIO.
616 2005 868 2072 LYCONIDES.

566 2177 713 2243 Euclio

87 2287 156 2364 Quis
177 2287 274 2353 homo
297 2286 353 2351 hic
374 2285 544 2372 loquitur?

525 2417 754 2500 Lyconides

433 2525 503 2609 Ego
528 2547 607 2605 sum,
630 2527 740 2592 miser.

568 2655 710 2721 Euclio

492 2783 499 2792 ‘
533 2763 636 2828 Immo
660 2785 720 2846 ego
746 2785 828 2843 sum,
851 2770 885 2829 ot
908 2765 1025 2831 misere
1048 2767 1206 2849 perditus,

88 2873 165 2951 Quoi
184 2881 279 2940 tante
301 2872 390 2940 mela
410 2873 678 2956 maestitudoque
702 2874 829 2956 optigit.

525 3004 754 3089 Lyconides

819 3111 936 3177 Animo
959 3113 1045 3178 bono
1069 3134 1114 3178 es.
1155 3129 1206 3184 725

569 3220 713 3286 Euclio

92 3326 164 3413 Quo,
185 3331 330 3412 obsecro,
352 3334 451 3414 pacto
474 3351 544 3396 esse
567 3329 723 3413 possum?

529 3459 757 3545 Lyconides

624 3568 710 3646 Quis
731 3569 816 3633 istuc
838 3567 976 3651 facinus,
1000 3567 1087 3654 quod
1110 3574 1205 3635 tuum

94 3671 245 3746 Sollicitet
267 3679 421 3760 animum,
444 3677 480 3744 id
502 3698 562 3762 ego
585 3675 649 3742 feci
672 3682 705 3741 et
727 3676 844 3742 fateor.

573 3818 719 3884 Euclio

775 3925 861 4004 Quid
885 3947 944 4010 ego
968 3933 1063 3993 exte
1086 3927 1209 3993 audio?

186 4109 308 4118 ——--

156 4205 223 4260 dcte
239 4210 289 4261 720
307 4209 403 4264 titulus
420 4209 504 4264 abest.
602 4208 652 4261 723
679 4206 751 4273 Quid
769 4222 850 4274 egam
867 4207 987 4260 habeam
1005 4205 1098 4258 anima
1116 4223 1209 4258 meam

96 4299 128 4338 en
145 4291 236 4346 edeam
317 4295 368 4347 724
390 4291 453 4361 Ego
473 4309 541 4345 sum.
560 4291 663 4346 EUOL.
682 4292 774 4345 Immo
794 4307 847 4360 ego
865 4310 926 4346 sum
944 4291 1029 4344 miser
1046 4288 1085 4343 Et
1102 4290 1205 4344 misere

96 4370 143 4424 727
160 4373 292 4448 Qnidtego
