2928 5010
549 499 711 556 Bacchides.

322 774 615 842 PlSTOCLERUS
638 773 930 842 ADULESCENS.

78 931 173 998 Rebus
194 930 267 996 aliis
290 937 493 1010 anteuortan
516 927 664 1009 Bacchis,
687 951 771 1011 quae
794 929 932 996 mandes
955 931 1045 1010 mihi,

78 1039 297 1106 Mnesilochum
319 1047 356 1105 ut
377 1039 545 1124 requiram
567 1044 666 1122 atque
694 1043 732 1103 uh
760 1059 833 1104 eum
861 1059 989 1104 mecum
1012 1039 1055 1106 ad
1078 1045 1111 1105 te
1136 1039 1194 1105 ad·

782 1146 898 1212 ducam
921 1147 1027 1236 simul.
1145 1164 1195 1218 525

77 1256 161 1322 Nunc
180 1255 261 1322 illud
282 1255 413 1322 animus
436 1276 528 1320 meus
552 1255 749 1334 minatensi
773 1276 793 1319 a
816 1277 867 1321 me
890 1255 1002 1338 tetigit
1016 1257 1166 1336 nuntius,

77 1363 153 1446 Quid
172 1370 364 1430 remoretur.
398 1363 468 1443 Ibo,
492 1369 530 1428 ut
547 1364 655 1430 uisam
672 1362 737 1430 huc
755 1363 799 1428 ad
816 1384 901 1443 enm,
926 1365 953 1429 si
965 1363 1084 1430 fortesl
1097 1364 1195 1430 domi.

76 1659 364 1728 MNESILOOHUS
391 1659 696 1741 PISTOCLERUS,
723 1659 1060 1728 ADULESCENTES
1091 1661 1190 1738 DUO.

491 1813 772 1880 Mnesilochus

77 1921 205 1988 Reddidi
227 1922 315 2007 patri
337 1943 433 1988 omne
456 1943 588 2002 aurum;
612 1942 699 1986 nunc
723 1943 785 2006 ego
809 1922 902 1988 illam
925 1943 976 1988 me
999 1923 1098 1990 uelim

75 2029 257 2112 Conuenire,
281 2037 457 2115 postquam
474 2031 582 2096 inanis
599 2051 681 2110 sum,
705 2033 976 2115 contemptricem
996 2051 1111 2098 meam.

77 2137 136 2204 Sed
151 2141 280 2204 neniam
296 2137 494 2221 mihiquem
514 2145 650 2222 manate
669 2145 764 2223 paler
782 2138 873 2206 dedit
892 2139 932 2206 dc
945 2139 1119 2224 Chrysalo!
1147 2157 1198 2210 530

77 2246 188 2314 Uerum
210 2253 387 2333 postremo·
398 2248 574 2331 inpetrari,
597 2254 634 2312 ut
656 2267 697 2312 ue
721 2247 801 2330 quid
825 2249 856 2314 ei
880 2254 1084 2314 suscenseat.

506 2378 763 2444 Pistoclerus

76 2485 169 2554 Estne
191 2487 245 2554 hic
268 2509 358 2554 meus
381 2485 528 2554 sodalis?

495 2616 776 2685 Mnesilochus

441 2726 545 2792 Estne
567 2727 622 2792 hic
645 2725 761 2806 hostis,
785 2746 882 2808 quem
905 2723 1062 2810 adspicio,
1085 2727 1199 2790 meus?

392 2851 396 2858 ’
505 2856 764 2923 Pistoclerus

78 2963 170 3032 (terte
191 2968 218 3032 is
242 2971 303 3032 est.

498 3071 774 3139 Mnesilochus

330 3181 362 3247 Is
385 3188 443 3247 cst.

507 3287 765 3355 Pistoclerus

449 3395 555 3463 Adibo
579 3403 695 3463 contra
716 3403 750 3462 et
773 3395 944 3462 contollam
968 3396 1115 3478 gradum.

79 3499 187 3570 Salucs
210 3505 266 3584 sis,
289 3503 501 3570 Mnesiloche.

495 3612 770 3679 Mnesilochus

472 3717 579 3787 Saloe.

505 3828 762 3895 Pistoclerus

575 3936 692 4004 Saluos
715 3957 814 4020 quom
837 3955 976 4020 peregre
999 3933 1146 4014 aduenis,

79 4039 160 4108 Cena
180 4043 285 4111 delur.

141 4297 188 4353 625
205 4303 290 4368 atque
309 4316 372 4354 erun
388 4297 417 4354 A
476 4299 528 4354 526
545 4297 617 4352 llam
634 4297 687 4354 Bo
738 4299 789 4354 527
806 4301 973 4352 remoretur.
994 4297 1046 4352 Ibo
1065 4301 1093 4350 et
1111 4296 1198 4350 uisam

80 4377 128 4434 Ro
177 4385 227 4438 528
244 4401 298 4454 ego
316 4399 366 4440 cm.
385 4384 412 4438 A
459 4384 510 4439 552
528 4401 607 4438 meus
624 4383 715 4437 hoelis
734 4401 816 4452 quem
835 4380 982 4453 aspitioO
1032 4382 1083 4436 533
1101 4381 1199 4436 tollam
