2932 5010
561 528 592 584 v.
612 531 758 585 ”ru-uc.
1158 537 1218 598 355

92 723 216 797 longior
239 727 298 795 est,
332 743 403 782 nem
424 725 475 782 vix
498 723 629 784 dubitari
650 729 766 802 potest,
796 727 869 802 quin
896 724 942 783 hic
972 726 1158 802 septenarius
1180 727 1221 783 eit

93 828 317 884 octonariorum
340 827 447 884 seriem
466 827 614 900 claudens,
637 827 747 886 Herios
765 827 912 886 intellexit
928 828 1019 886 verbe
1037 824 1113 906 quid
1129 843 1220 905 aqum

93 947 196 986 errore
226 927 272 986 bis
301 930 413 1005 scripte
442 949 504 988 esse
533 937 563 987 et
592 933 693 1008 priqre
722 931 786 990 loco
810 929 942 988 tollenda
965 950 1038 990 esse.
1094 931 1220 988 Restant

91 1029 194 1089 hictus
225 1037 295 1108 post
326 1029 497 1103 „menesm“
530 1039 561 1092 et
587 1039 659 1111 post
690 1031 825 1108 „ogsm“,
861 1052 987 1110 quornm
1021 1033 1220 1108 posteriorem

92 1132 174 1190 Brix.
199 1133 263 1192 Wr.
286 1134 337 1194 Fr.
361 1134 465 1194 addito
491 1133 583 1211 ,ego“
609 1136 774 1194 tollendum
802 1141 937 1208 censent,
972 1155 1061 1212 quum
1091 1133 1220 1210 priorem

91 1237 347 1312 interpunctionis
369 1239 399 1294 vi
422 1237 592 1297 defendent.

182 1339 254 1396 724.
289 1339 490 1416 interroganti
517 1339 655 1400 Euclioni
684 1341 851 1416 Lyconides
880 1339 1050 1416 respondet,
1080 1359 1111 1398 se
1141 1359 1220 1412 esse;

93 1441 192 1512 simul,
212 1460 271 1516 quo
289 1443 522 1501 misericordiam
545 1445 608 1501 eius
625 1450 752 1516 movent,
775 1465 807 1502 se
830 1447 969 1503 miserum
992 1443 1074 1502 dicit.
1115 1441 1220 1499 Euclio

93 1551 203 1616 eutem,
236 1547 321 1620 quusi
342 1565 401 1603 vox
424 1541 520 1604 miser
542 1565 602 1604 non
625 1549 808 1624 appositum,
837 1545 889 1604 sed
911 1545 1106 1622 predicatum
1129 1563 1220 1602 enun-

93 1647 232 1704 tiationis
260 1648 314 1718 sit,
348 1648 525 1724 respondet:
567 1649 677 1720 „Immo
708 1667 763 1723 ego
792 1667 857 1706 sum
885 1643 1005 1708 miser“.
1056 1646 1129 1706 Rern
1152 1653 1222 1723 post

93 1748 205 1807 Aldum
235 1749 386 1825 expedivit
414 1750 580 1824 Acidalius,
610 1750 709 1810 Divin.
739 1772 768 1829 p.
800 1753 838 1810 83
862 1750 1008 1808 scribens:
1047 1749 1127 1823 „LY.
1156 1747 1221 1825 Ego

93 1871 159 1908 sum
177 1852 275 1910 miser.
310 1851 372 1911 EU.
390 1851 483 1910 lmmo
504 1873 559 1930 ego
577 1873 650 1926 sum,
675 1860 705 1911 et
721 1855 828 1911 misere
846 1849 1013 1930 perditns“.
1048 1850 1222 1927 Seyffertius

94 1959 211 2024 eutem,
246 1952 331 2012 stud.
363 1954 460 2013 Plout.
483 1975 512 2032 p.
543 1958 578 2015 8:
606 1957 716 2028 „Immo
748 1975 802 2033 ego
825 1975 889 2013 sum
918 1961 948 2013 et
977 1955 1067 2012 miser
1096 1960 1126 2011 et
1154 1974 1221 2029 per·

94 2054 207 2114 ditns“.
253 2055 286 2113 In
316 2057 402 2116 codd.
426 2058 503 2115 alter
531 2079 635 2117 versus
664 2059 772 2136 incipit
799 2079 817 2116 a
838 2077 903 2116 voc.
930 2053 1020 2130 „Et“,
1054 2060 1221 2132 tertiusque

94 2181 111 2218 a
146 2179 211 2218 voc.
250 2156 404 2233 „Animo“,
441 2166 565 2250 quartus
603 2161 721 2219 demum
763 2157 979 2234 (‚,Sollicitut“)
1020 2161 1050 2218 in
1089 2160 1222 2217 ordinem

94 2263 185 2321 redit.
198 2291 241 2301 -
259 2264 330 2322 725.
358 2259 559 2335 ,maestitudo
581 2282 637 2340 pro
660 2259 825 2321 maestitis“
852 2267 895 2322 nit
916 2262 1029 2322 Nonius
1051 2282 1080 2339 p.
1108 2264 1167 2320 136
1191 2267 1222 2319 et

94 2365 179 2423 Accii
202 2365 300 2423 locum
322 2369 352 2422 et
374 2364 452 2422 hunc
476 2365 617 2438 efferens,
651 2367 682 2423 in
706 2385 765 2441 quo
792 2361 881 2442 ‚‚qui“
906 2385 962 2442 pro
988 2360 1097 2442 ‚‚quoi“
1123 2383 1222 2422 errore

94 2469 241 2544 scriptum
258 2473 311 2526 est.
328 2497 364 2506 -
379 2469 439 2528 726
453 2487 517 2545 sqq.
541 2467 711 2526 Ridiculum
730 2468 919 2544 colloquium,
944 2467 996 2525 ubi
1014 2468 1091 2526 alter
1103 2467 1139 2525 de
1152 2467 1220 2539 olla,

95 2571 174 2628 alter
210 2569 246 2628 de
279 2570 379 2648 puelle
406 2571 554 2648 loquitur,
588 2575 696 2629 neuter
730 2571 853 2630 ulterius
882 2571 975 2629 verbo
1004 2571 1156 2645 intelligit.
1179 2599 1222 2610 -

95 2675 166 2732 728.
188 2673 321 2731 ueruml
342 2675 493 2750 ceterique
511 2673 598 2732 codd.
611 2673 685 2733 dett.
702 2703 746 2713 -
763 2670 801 2734 dc
816 2663 847 2732 te
862 2669 962 2733 merui
980 2673 1046 2732 edd.
1060 2677 1144 2744 vett,
1169 2673 1223 2731 sed

94 2777 209 2834 locunae
232 2775 370 2852 spatium,
395 2775 475 2852 quod
494 2776 525 2833 in
544 2775 568 2833 B
585 2775 654 2834 etD
670 2777 831 2848 indicetur,
855 2778 948 2834 maius
969 2783 1022 2848 est,
1046 2797 1101 2835 nec
1123 2776 1222 2834 hiatus

94 2883 163 2954 post
196 2873 329 2951 „merui“
359 2879 546 2952 verisimilis,
580 2898 672 2955 quere
706 2879 808 2936 addidi
838 2881 929 2937 etiem
951 2895 1040 2951 nam3
1076 2879 1112 2937 cf.
1140 2878 1220 2937 Men.

96 2983 173 3040 479:
202 2979 299 3051 ,‚de
323 2979 359 3038 dc
381 2983 532 3054 temerii,
557 3000 615 3056 qna
632 3001 679 3038 me
697 3000 786 3039 cause
803 2977 988 3058 perderes'?“
1025 2979 1094 3040 Ter.
1113 2981 1221 3039 Heaut.

95 3086 150 3142 83:
180 3082 277 3154 „Quid
301 3082 337 3139 de
359 3089 390 3140 te
412 3088 528 3141 tautum
550 3079 725 3140 meruisti?“
739 3085 865 3142 -729,
883 3079 1049 3159 perditum
1065 3080 1138 3156 ireS,
1162 3085 1182 3140 i.
1195 3109 1221 3142 e.

94 3187 253 3264 perderes,
277 3191 311 3244 ut
333 3185 451 3244 Trucul.
478 3189 547 3244 556.
573 3185 637 3244 Liv.
660 3185 786 3258 XXXII,
812 3187 861 3258 22,
887 3187 921 3259 6;
955 3185 992 3245 el.
1017 3185 1122 3243 Bacch.
1150 3187 1220 3243 563.

99 3291 190 3348 1170.
226 3287 348 3345 Cistd:
372 3287 536 3359 ,honorem
559 3289 603 3346 ire
626 3282 793 3346 hobitum“.
819 3290 874 3347 38:
908 3293 998 3362 „eunt
1018 3283 1221 3364 depressum“.

95 3391 158 3450 Mil.
193 3391 271 3449 622:
310 3393 371 3460 ,ire
399 3387 610 3467 opituletum“.
663 3389 745 3448 Pers.
776 3391 830 3448 64:
869 3392 931 3463 „ire
959 3390 1221 3466 elienc'ereptum

95 3489 205 3552 bonu“.
237 3521 278 3532 -
309 3494 379 3552 730.
414 3487 522 3566 Deus,
558 3494 662 3558 ὅθεός
683 3511 727 3543 :
749 3493 780 3550 τὸ
809 3497 895 3550 θεῖον.
925 3523 968 3532 -
995 3485 1057 3566 fuit
1087 3493 1222 3551 ultimum

94 3596 245 3674 producit,
268 3615 295 3651 v.
319 3594 412 3653 Proll.
435 3615 465 3672 p.
486 3598 554 3656 196.
578 3627 620 3635 -
644 3598 715 3654 731.
739 3595 847 3653 Hiatus
869 3601 939 3671 post
955 3591 1142 3669 peccatisse
1163 3615 1223 3653 non

93 3697 282 3768 verisimilis;
322 3683 472 3756 Bentleius
511 3713 559 3758 me
598 3699 723 3757 addidit.
758 3727 800 3738 -
833 3699 904 3756 733.
939 3713 1036 3758 ausus
1064 3698 1224 3756 secundom

94 3819 255 3878 personam
280 3819 343 3856 esse
366 3799 451 3857 facile
474 3807 617 3877 upperet;
645 3801 722 3874 „Cur
740 3821 770 3858 es
788 3797 918 3858 eusus?“
943 3801 1100 3858 familiaris
1117 3799 1224 3858 Pleuto

93 3904 223 3976 locutio,
258 3921 286 3960 v,
315 3901 401 3978 Capt.
432 3905 502 3962 698.
554 3903 641 3979 Epid.
673 3905 743 3964 699.
793 3902 872 3961 Men.
909 3903 981 3962 482.
1033 3903 1098 3962 Mil.
1132 3905 1222 3960 1393.

94 4005 207 4064 Pseud.
232 4005 303 4062 348.
348 4003 467 4064 Trucnl.
493 4008 562 4064 596.
588 4007 658 4064 598.
688 4035 730 4045 -
759 4005 841 4064 esset
864 4005 936 4064 olim
959 4003 1157 4063 emendatum.
1183 4033 1221 4044 —

95 4111 173 4166 735.
208 4102 243 4163 ni
271 4100 401 4180 uellent,
431 4111 451 4166 i.
475 4127 500 4166 e.
523 4109 581 4166 nisi
608 4108 787 4180 voluissent,
816 4127 844 4166 v.
867 4107 969 4166 Msdv.
994 4105 1045 4165 Gn.
1070 4106 1137 4165 Lat.
1163 4107 1221 4164 347

93 4212 113 4269 b
138 4216 203 4269 not.
230 4211 247 4266 2
272 4215 302 4266 et
323 4207 490 4269 Francken.
515 4209 552 4268 ud
568 4210 597 4269 h.
617 4210 637 4268 1.
657 4241 698 4250 —
717 4212 787 4270 736.
811 4209 915 4268 Euclio
939 4208 1084 4285 Lyconidi
1107 4209 1225 4268 vinciris

95 4315 239 4371 minetur.
306 4327 447 4384 nervum,
483 4313 518 4371 cf.
557 4312 595 4370 nd
629 4313 711 4371 Asin.
751 4313 819 4371 544.
858 4307 943 4386 apud
975 4311 1003 4369 te
1035 4326 1083 4370 me
1120 4309 1223 4384 codd,

96 4435 201 4474 errore
244 4413 366 4472 Lorenc.
406 4435 469 4486 „me
495 4415 558 4472 ‘te“
600 4416 710 4486 tradit3
752 4414 805 4472 sed
849 4417 890 4472 sic
929 4398 1223 4472 scribendum'esse

970 4525 1019 4580 23*
