2932 5010
569 509 602 565 V·
623 512 766 565 eae-408.
1164 517 1225 578 319

106 711 150 764 est
182 707 332 766 scribatur
364 702 460 780 ‚‚Ita“,
492 709 528 764 ut
559 705 630 764 fecit
661 704 828 764 Francken.
884 703 932 764 Sic
965 705 1023 764 duo
1056 707 1225 766 inferuntur

104 811 237 868 membra
254 831 272 868 a
286 806 426 886 „Neque“
448 809 630 886 incipientia,
654 810 775 886 utrique
792 808 918 866 causalis
935 813 1085 868 sententia
1105 809 1228 868 additur

106 914 140 971 ab
173 911 256 986 „Ita“
288 914 447 990 incipiens;
481 912 532 971 sed
560 917 622 970 tam
652 915 791 971 accurata
818 913 1032 970 sententiarum
1063 911 1227 990 descriptio

103 1019 195 1093 magis
226 1015 376 1074 rhetorem
403 1035 493 1092 quam
516 1015 655 1073 Plautum
678 1014 807 1074 deceret.
862 1015 1012 1073 Preterca
1040 1011 1141 1092 acepit
1166 1035 1227 1074 nou

102 1120 193 1178 habet
216 1137 276 1195 quo
294 1118 448 1190 referatur,
472 1137 526 1176 nec
548 1121 618 1193 post
634 1117 780 1194 pluralem
799 1112 1007 1177 commodarunt
1024 1119 1096 1177 ferri
1114 1122 1225 1194 potest.

104 1223 201 1294 Quare
221 1241 338 1281 versum
349 1221 507 1278 iambicum
518 1223 598 1278 inter
608 1220 776 1278 trochaicos
787 1219 888 1297 inepte
900 1223 1045 1279 intrusum
1064 1221 1227 1298 eademque

103 1327 202 1383 omnia
219 1325 378 1398 dicentem,
403 1341 469 1400 quae
485 1343 512 1382 r.
526 1323 598 1394 401,
615 1343 671 1400 pro
689 1323 948 1382 circumlocutione
966 1324 1053 1381 huius
1070 1325 1226 1384 delendum

103 1449 217 1486 censeo.
252 1427 284 1486 si
307 1429 468 1501 genuinum
488 1431 634 1502 putarem,
659 1446 725 1484 cum
742 1424 916 1500 Schmidtio,
941 1427 1029 1486 Pron.
1043 1427 1120 1486 dem.
1132 1447 1162 1504 p.
1178 1429 1226 1498 38,

101 1551 155 1615 pro
173 1526 231 1589 bos
246 1527 369 1602 „hosce“
384 1530 553 1586 scriberem.
574 1559 611 1568 -
631 1527 703 1588 404.
728 1524 844 1604 oppido
857 1525 948 1605 perii,
971 1529 1008 1589 cf.
1026 1530 1135 1607 Amph.
1154 1532 1226 1588 295.

101 1635 177 1691 inira
190 1635 264 1692 721.
277 1635 350 1691 793.
375 1631 478 1690 Bacch.
493 1633 564 1716 678.
576 1661 619 1672 -
630 1645 679 1690 me
688 1629 889 1708 yymncaiam
900 1627 1017 1704 babuit,
1030 1635 1050 1690 i.
1064 1653 1088 1692 e.
1101 1652 1148 1690 me
1160 1651 1226 1690 ver·

101 1736 236 1795 herendo
259 1755 291 1794 se
313 1738 459 1806 exercuit3
482 1735 518 1793 cf.
532 1735 615 1793 Asin.
629 1735 708 1793 295:
734 1737 937 1810 „gyuruasinm
958 1733 1076 1811 flagri“.
1094 1765 1137 1774 -
1153 1737 1226 1794 405.

103 1835 210 1912 Attae,
245 1839 280 1898 ci.
304 1838 413 1914 Amph.
437 1839 508 1896 259.
553 1837 654 1895 Novus
682 1839 774 1896 timor
801 1837 912 1910 oritur,
946 1837 1027 1914 quod
1054 1837 1227 1897 Euclionem

102 1945 250 2000 furentem
272 1961 309 2000 ex
331 1941 444 1999 sedibus
472 1941 608 2017 prosilire
635 1941 719 1998 videt
740 1945 831 2016 atque
854 1943 1023 1998 etiamnunc
1047 1961 1078 1998 se
1103 1941 1227 2016 aggredi

102 2048 278 2122 cupientem.
301 2073 345 2082 -—
367 2040 483 2120 aperit,
516 2063 556 2103 sc.
580 2063 684 2116 senex,
720 2044 801 2120 quod
825 2061 861 2101 ex
884 2043 1073 2102 antecedenti
1095 2044 1225 2103 auditur.

102 2149 207 2207 bamb.
235 2145 416 2225 „aperitur“,
451 2147 504 2206 sed
530 2151 595 2206 tum
624 2148 788 2224 requiritur
820 2145 985 2204 subiectum
1015 2145 1097 2203 verbi
1126 2142 1225 2206 adest.

102 2251 211 2311 Versus
232 2249 375 2309 fulciendi
396 2267 485 2308 cansa
506 2250 609 2328 potius
632 2264 734 2308 eccum
756 2247 893 2321 addatur,
917 2248 997 2324 quod
1019 2251 1108 2307 etiam
1131 2251 1226 2308 oratio

102 2353 300 2413 commendat.
323 2383 367 2394 --
388 2353 461 2412 400.
497 2347 662 2430 Sequitur,
685 2354 705 2412 i.
729 2373 755 2412 e.
778 2351 970 2430 persequitur
991 2371 1051 2422 mc,
1076 2352 1112 2412 cf.
1136 2351 1225 2428 Verg.

102 2458 169 2517 AEu.
200 2457 259 2530 XI,
290 2457 360 2515 674.
406 2455 491 2516 Ovid.
514 2455 586 2514 Met.
610 2455 654 2528 11,
684 2457 755 2515 498.
785 2455 823 2514 el.
849 2483 886 2494 -
918 2448 1005 2528 Scio,
1039 2469 1133 2532 quum
1160 2471 1227 2514 ram

100 2575 225 2634 peram:
247 2579 295 2618 me
317 2557 489 2632 defendam3
512 2560 572 2617 vim
593 2560 624 2618 vi
646 2559 803 2636 repellam3
826 2577 893 2616 uam
916 2560 946 2616 vi
967 2560 1012 2616 uti
1036 2561 1100 2636 ipse
1121 2557 1227 2617 Euclio

102 2684 146 2721 me
168 2664 287 2735 docuit3
322 2681 388 2720 enm
417 2664 592 2736 magistrum
622 2661 774 2721 imitabor.
830 2659 922 2720 Simul
951 2661 1077 2720 cultrum
1105 2663 1225 2738 promit,

103 2787 129 2825 v.
154 2769 228 2826 409.
256 2795 298 2806 -
327 2763 386 2823 Pro
411 2761 518 2824 docuit
544 2765 699 2823 Acidaliae
724 2759 860 2836 „docet“,
889 2785 926 2822 ne
954 2765 1099 2824 iambicus
1129 2766 1225 2822 exitur

104 2869 308 2941 desideretur;
332 2867 436 2945 Wagn.
460 2875 608 2944 transpos.
635 2868 758 2942 „docuit
779 2865 857 2924 mo“.

188 3281 368 3341 407-438.
391 3278 544 3338 Euclionis
567 3285 599 3337 et
621 3283 708 3357 coqui
730 3281 889 3339 altercatio
912 3283 1058 3339 canticum
1082 3285 1129 3338 est
1150 3299 1227 3339 noro

104 3403 241 3443 versuum
264 3403 372 3460 genere
396 3383 611 3460 couscriptum,
641 3382 722 3459 quod
749 3385 943 3442 tractavimus
973 3385 1005 3441 in
1035 3383 1173 3460 Prolegg.
1197 3403 1226 3460 p.

107 3489 174 3548 191.
220 3487 330 3545 Versus
357 3489 435 3544 enim
464 3489 620 3564 compositi
643 3491 714 3544 sunt
735 3507 771 3544 ex
793 3487 922 3546 dimetro
945 3485 1072 3546 iambico
1096 3491 1126 3544 et
1148 3486 1227 3545 clau·

104 3591 167 3649 sula
190 3591 222 3648 in
239 3589 401 3648 trocheum
421 3595 556 3662 exeunte,
581 3609 647 3665 quae
664 3595 716 3648 aut
732 3611 769 3648 ex
787 3589 903 3648 duobus
921 3589 1030 3648 iambis
1048 3595 1079 3647 et
1095 3588 1227 3648 trochaeo

104 3697 225 3751 constat
260 3689 319 3766 (vr.
345 3693 416 3751 408.
446 3692 517 3750 410.
548 3693 619 3752 412.
649 3695 721 3752 417.
751 3692 824 3752 418.
852 3695 924 3752 421.
955 3695 1026 3752 422.
1058 3695 1130 3752 426.
1154 3692 1226 3751 428.

105 3797 175 3855 430.
202 3796 273 3854 434.
297 3791 389 3867 436),
421 3799 451 3852 et
473 3796 516 3852 ita
538 3796 658 3872 quidem
681 3802 715 3855 ut
736 3815 792 3872 pro
815 3795 931 3855 duobus
953 3797 1060 3854 iambis
1084 3796 1227 3854 choriam-

106 3897 158 3956 bus
185 3899 256 3976 pcni
283 3899 378 3974 possit
400 3890 486 3975 (423.
510 3894 586 3972 427)
614 3898 663 3956 vel
686 3901 777 3957 etiam
801 3900 927 3958 creticus
951 3896 1035 3973 (415.
1059 3900 1131 3956 416.
1155 3899 1227 3956 425.

107 4001 176 4060 429.
201 4002 273 4060 437.
297 3997 389 4074 438),
425 4005 477 4058 aut·
505 4021 541 4058 ex
569 4001 674 4060 duobis
704 4003 810 4060 iambis
840 4008 871 4060 et
898 4001 1014 4078 syllaba
1044 3997 1130 4073 (407.
1154 4001 1227 4060 409.

107 4103 176 4164 411.
201 4101 273 4162 413.
297 4101 380 4161 414?
404 4105 476 4162 419.
500 4104 572 4162 420.
597 4105 669 4163 424.
693 4107 765 4164 431.
790 4105 862 4165 432.
886 4107 959 4164 433.
983 4099 1066 4173 435).

190 4208 262 4265 407.
288 4201 369 4265 Tarte
393 4207 461 4265 leue
483 4225 522 4265 aa.
545 4206 724 4284 fugientem
747 4208 783 4267 cf.
808 4211 880 4267 705.
916 4207 1001 4266 Prius
1027 4203 1132 4281 ‚‚taue“
1158 4206 1227 4264 ulti·

107 4327 183 4368 mam
205 4311 324 4368 brevem
348 4309 453 4382 habet,
478 4307 605 4368 alterum
627 4309 760 4384 longam,
784 4316 818 4369 ut
842 4311 950 4386 „Mane
972 4305 1076 4369 mane“
1102 4329 1130 4368 v.
1155 4310 1226 4368 047.

108 4439 147 4480 ἡ
181 4414 252 4472 408.
289 4407 452 4485 leicestrae,
486 4413 645 4491 capitales,
681 4413 739 4472 vid.
769 4413 805 4472 ad
835 4415 941 4495 Amph.
976 4417 1045 4472 155.
1082 4442 1117 4452 -
1154 4415 1226 4472 409.
