2932 5010
217 507 279 568 298
700 499 852 554 Aulularia.

215 697 346 757 Acidalii
379 697 532 774 sequimur
563 715 760 772 personarum
794 693 1050 754 distributionem:
1089 693 1175 767 „Mu
1204 693 1287 754 Istue
1308 693 1341 754 di

216 801 290 860 bene
313 805 442 859 uertant.
486 798 549 860 ΕΗ.
573 797 620 857 Ιιιι
642 797 674 856 di
695 797 805 872 faxint,
827 803 862 856 tu
883 797 957 856 illud
979 794 1067 872 etc.“‚
1092 818 1181 874 quam
1204 797 1340 876 plerique

216 903 409 981 adoptarunt.
427 933 470 942 -
494 905 564 962 251.
588 899 654 962 Scio
677 915 737 978 quo
758 915 826 960 uos.
861 900 982 960 Becker.
1006 903 1038 960 in
1060 900 1192 960 Studem.
1216 899 1303 960 Stud.
1315 901 1340 974 Ι,

215 1026 244 1083 p.
270 1007 347 1066 260:
378 1006 468 1080 „scio
487 1023 540 1063 uos
564 1001 654 1082 quo“.
676 1033 720 1044 -
734 999 952 1080 propleuma
978 1003 998 1064 i.
1022 1023 1047 1062 e.
1071 1003 1213 1081 perplexe
1242 1023 1341 1080 agere,

215 1108 252 1167 ci.
287 1108 352 1166 Ter.
394 1106 471 1168 Eun.
508 1109 584 1166 817:
633 1107 794 1184 „perplexe
827 1103 941 1184 loqur.
1007 1105 1106 1166 Plaut.
1140 1105 1224 1166 Asin.
1262 1107 1341 1166 785:

218 1210 359 1283 „uerbum
381 1207 614 1288 perplexabilef.
659 1209 814 1269 Miller:
849 1208 1008 1287 „perplexo
1031 1204 1181 1267 nomine“.
1201 1237 1240 1248 -
1267 1209 1339 1268 252.

215 1308 300 1388 quod
326 1306 419 1372 uobis
449 1308 545 1386 lubet,
579 1301 593 1370 i
623 1333 647 1372 e.
672 1317 816 1390 qusntum
844 1311 941 1384 lubet,
976 1311 1011 1370 ci.
1036 1311 1100 1370 (las.
1124 1313 1201 1370 92⁹1:
1241 1315 1343 1390 „quod

214 1413 328 1474 uolet“.
372 1413 457 1492 (lapt.
483 1417 558 1475 664:
585 1415 685 1493 „quod
706 1419 738 1475 in
760 1421 790 1474 te
811 1411 899 1474 fuit“.
944 1413 1008 1472 Mil.
1035 1415 1133 1473 1153:
1160 1413 1260 1491 „quod
1283 1433 1343 1490 ego

214 1515 351 1594 potero“.
396 1517 463 1576 Ter.
486 1517 592 1576 Heaut.
617 1519 688 1578 416.
715 1519 900 1578 lotricem.
935 1515 1011 1576 Eun.
1037 1517 1108 1576 214.
1133 1519 1211 1576 215:
1238 1517 1342 1594 „quod

215 1616 357 1696 poteris.“
404 1619 496 1680 Cicer.
520 1619 558 1678 ad
587 1621 679 1680 Attio.
702 1620 731 1692 I,
763 1623 796 1692 5,
827 1621 860 1678 ⁷:
900 1619 998 1696 „quod
1025 1620 1089 1678 sine
1118 1619 1259 1680 molestia
1287 1626 1343 1680 tua

214 1721 311 1780 iacere
332 1720 481 1798 poteris“;
505 1743 685 1800 quamquam
702 1722 806 1784 Cicero
828 1724 937 1800 saepius
959 1723 990 1780 in
1013 1722 1157 1782 eiusmodi
1180 1724 1342 1782 sententiis

215 1826 436 1884 coniunctivum
454 1828 550 1903 ponit,
573 1846 601 1886 v.
619 1825 720 1884 Madv.
739 1824 789 1886 Gr.
808 1824 874 1884 Lst.
897 1827 967 1899 364,
996 1831 1057 1884 not.
1082 1826 1110 1884 2.
1154 1823 1240 1884 Alibi¹
1259 1825 1344 1902 apud

214 1926 355 1986 Plautum
382 1925 530 2004 „quoad“,
554 1933 589 1987 ut
609 1928 692 1987 Asin.
716 1929 792 1988 294:
830 1926 949 2004 „quoad
977 1928 1058 1986 uires
1080 1925 1209 1986 ualent.“
1256 1926 1342 1986 Men.
1464 1988 1466 1991 ,

215 2032 291 2090 758:
319 2035 384 2106 „est
395 2031 501 2090 modus
512 2036 621 2104 umen,
637 2029 736 2106 quoad
747 2031 811 2107 peti
823 2049 947 2089 uxorem
960 2027 1109 2107 oportet“.
1137 2029 1245 2106 Itsque
1257 2030 1344 2107 quod

212 2131 343 2206 Miller„
355 2133 478 2192 Nachtr.
492 2154 522 2211 p.
537 2135 575 2193 33
591 2130 717 2210 „quom“
735 2134 869 2206 coniecit,
882 2151 916 2190 eo
928 2152 988 2193 non
999 2151 1083 2210 opus.
1096 2161 1138 2172 -
1155 2132 1226 2192 254.
1238 2128 1342 2208 facia·

213 2249 284 2294 mus
300 2234 371 2294 olim
383 2236 588 2308 emendatum
613 2236 649 2296 oi.
661 2237 700 2295 ed
710 2237 818 2315 Amph.
832 2237 904 2295 845.
916 2229 1071 2296 -Immo
1084 2229 1193 2310 edepol
1204 2233 1344 2309 optuma,

214 2337 256 2396 sio
285 2337 387 2411 codd,
421 2337 502 2414 quod
529 2339 555 2396 si
584 2339 652 2416 quis
679 2339 866 2398 retinendum
893 2341 1009 2411 censet,
1042 2357 1160 2397 versum
1190 2336 1345 2396 excidisse

214 2445 329 2499 statuat
350 2459 470 2499 necesse
494 2445 547 2499 est.
591 2440 667 2500 Nam
690 2445 715 2501 si
732 2441 837 2500 Euclio
860 2442 1003 2518 optimam
1025 2459 1090 2499 esse
1113 2459 1230 2498 causam
1252 2439 1343 2512 dixit,

215 2561 268 2602 our
289 2542 400 2620 nuptim
421 2563 481 2602 non
503 2542 625 2616 fierent,
657 2563 716 2602 non
743 2527 844 2621 potuit
871 2562 930 2602 non
953 2561 1072 2602 causum
1096 2542 1220 2615 addere,
1254 2542 1344 2601 velut

215 2661 247 2702 se
270 2663 330 2702 non
352 2643 461 2702 habere
483 2644 564 2704 unde
592 2647 756 2722 nuptialem
789 2665 890 2704 cenam
923 2645 1048 2719 iaceret,
1084 2651 1115 2704 et
1142 2644 1343 2722 Megadorum

214 2735 401 2822 respondere
417 2748 566 2825 oportuit,
597 2767 681 2806 suam
704 2746 780 2808 hanc
806 2767 907 2806 curam
929 2747 1003 2806 fore.
1069 2747 1179 2807 Verum
1201 2747 1344 2807 Euclioni

214 2867 252 2908 na
275 2852 307 2907 in
329 2854 459 2908 mentem
481 2849 602 2926 quidem
622 2853 707 2909 venit
729 2850 787 2910 sibi
808 2851 899 2910 talem
922 2856 1074 2927 sumptum
1103 2853 1217 2927 imponi
1239 2869 1346 2928 posse.

214 2951 350 3029 Apparet
371 2971 439 3010 eum
466 2972 528 3012 non
557 2970 733 3030 repugnare,
767 2973 828 3030 quo
856 2953 953 3012 minus
981 2953 1096 3030 nuptia
1124 2955 1225 3012 statim
1252 2951 1344 3026 fiant,

215 3055 267 3114 sed
293 3057 442 3114 assentiri.
493 3055 541 3115 Sic
568 3061 668 3114 autem
696 3055 867 3129 dicendum,
900 3060 954 3114 aut
980 3056 1093 3114 nullam
1122 3075 1241 3114 causum
1263 3075 1343 3130 esse,

213 3161 248 3216 ut
269 3157 376 3235 Amph.
400 3158 420 3216 l.
444 3159 474 3232 1.,
509 3163 561 3217 aut
583 3158 760 3235 simpliciter
788 3159 944 3218 consilium
966 3158 1169 3235 probandum,
1197 3163 1232 3216 ut
1254 3157 1342 3218 Trin.

216 3261 313 3319 1188:
351 3259 446 3334 „Num
475 3260 547 3338 quid
576 3266 714 3320 causaest
741 3261 814 3336 quin
835 3279 959 3319 uxorem
981 3279 1046 3320 oras
1068 3259 1188 3320 domum
1211 3259 1345 3319 ducam?

214 3361 275 3421 GH.
299 3360 521 3439 Optumumst.“
568 3363 674 3441 Itaque
699 3363 769 3422 olim
791 3369 822 3422 et
843 3363 893 3422 hio
920 3367 952 3422 et
973 3361 1063 3422 simili
1085 3362 1151 3423 loco
1170 3362 1255 3440 Gapt.
1278 3365 1342 3424 352

215 3463 403 3524 emendatum
426 3471 473 3524 est
495 3466 626 3542 optuma.
661 3467 719 3527 Sed
735 3485 838 3526 versus
861 3465 1018 3540 claudicat,
1040 3485 1109 3524 nam
1131 3471 1255 3526 nonest
1275 3469 1345 3526 veri

119 3591 122 3596 ·
215 3567 311 3624 simile
334 3567 465 3644 priorem
493 3569 638 3644 syllabam
660 3571 742 3629 vocis
764 3564 865 3630 Irmno
887 3571 1008 3646 corripi.
1053 3567 1152 3642 Quare
1175 3569 1286 3654 Hortus
1310 3575 1344 3630 et

215 3667 306 3728 Weis.
325 3668 425 3728 deleto
445 3667 528 3742 „est“
551 3671 619 3731 edd.
645 3692 734 3746 „num
757 3692 833 3748 quae
855 3667 983 3730 osusa?“
1019 3671 1126 3748 Wagn.
1143 3681 1346 3750 „numquaost

216 3767 343 3830 oausal“
381 3770 461 3830 Brix.
477 3772 588 3846 „Immo
604 3773 703 3833 hercle
721 3772 872 3852 optume“,
890 3776 970 3833 iusto
987 3773 1134 3848 licentius,
1159 3794 1345 3852 quamquam

216 3872 350 3932 defendit
362 3875 453 3932 etiarn
466 3872 611 3949 Seyffert,
630 3875 712 3936 Stud.
726 3877 826 3936 Pisut.
837 3897 868 3954 p.
881 3878 916 3951 43
938 3876 1055 3936 facilius
1073 3881 1126 3936 sut
1139 3874 1269 3950 υΙιιιιηιιιι
1288 3885 1346 3937 aut

219 3973 362 4054 „edepol“
384 3979 583 4036 omitteretur.
603 4007 640 4018 -
660 3981 730 4038 255.
754 3973 843 4038 Num
861 3975 1005 4056 quiduis
1020 3973 1091 4039 me?
1113 3977 1150 4038 ci.
1171 3981 1241 4039 168.
1275 3978 1346 4040 Ηοο

216 4079 320 4140 ordine
332 4079 365 4152 B,
389 4083 457 4138 cett.
476 4079 562 4139 codd.
580 4086 610 4139 et
626 4079 694 4139 edd.
716 4080 885 4158 „Numquid
908 4101 954 4140 me
970 4076 1057 4140 uis?“
1094 4079 1181 4141 Unde
1198 4081 1342 4159 Wagner.

215 4163 319 4241 versus
342 4201 430 4242 causa
456 4179 568 4254 „'stuc“
595 4183 728 4259 scripsit;
751 4183 804 4242 sed
827 4183 899 4242 mihi
922 4185 1043 4260 quidem
1065 4183 1344 4244 neoLaohmanuus

217 4279 269 4360 (ad
297 4283 417 4344 Lucret.
445 4305 476 4363 p.
510 4281 582 4358 179)
610 4303 663 4343 nec
692 4283 826 4344 Oorssen.
858 4283 995 4364 (Ausspr.
1019 4285 1048 4344 d.
1071 4285 1139 4345 Lat.
1162 4285 1206 4359 H,
1229 4305 1259 4362 p.
1283 4282 1341 4360 82)

216 4387 362 4446 eiusmodi
383 4387 496 4447 formas
517 4407 588 4448 vere
604 4385 729 4448 Latinas
751 4408 815 4448 ersa
833 4391 990 4464 persuasit.
1025 4383 1114 4450 Istuc
1131 4393 1230 4448 autem
1247 4389 1345 4466 signi-
