2960 5012
290 517 331 576 14
798 513 893 570 Plauti
1203 513 1240 584 u,
1253 519 1277 585 1,
1287 518 1405 586 or-ao

289 699 458 784 Uirginem
479 701 560 767 mihi
582 702 788 786 desponderi.
834 703 945 768 Uerba
966 723 1007 768 ne
1029 701 1142 778 fanias,
1167 723 1276 786 soror3

288 807 377 888 Soio,
401 808 480 893 quid
509 809 638 876 dictura
666 832 716 892 es,
746 811 832 876 hano
859 833 930 878 esse
953 832 1148 895 pauperem3
1180 809 1263 877 haee
1285 833 1406 897 pauper

1003 921 1121 1004 placet.

752 1027 951 1094 Eunomia

205 1161 209 1169 ·
288 1131 330 1198 Di
352 1133 435 1200 bone
457 1135 604 1200 uertant!

724 1243 974 1326 Megadorus

555 1350 646 1416 Idem
669 1371 728 1434 ego
750 1339 856 1438 sp'oro.

755 1483 943 1548 Eunomia

825 1589 931 1667 Quid?
954 1611 1105 1656 menum
1128 1590 1207 1672 quid
1228 1591 1304 1656 uie?

628 1745 631 1752 ⁴
726 1721 971 1805 Megadorus

1273 1827 1365 1894 Uale,

747 1936 949 2002 Eunomia

287 2045 330 2109 Et
351 2051 397 2138 tu,
419 2043 531 2110 frater.

727 2151 972 2234 Megadorus

576 2259 646 2343 Ego
670 2263 863 2326 conueniam
885 2259 1085 2339 Euclionem,
1109 2261 1138 2325 si
1160 2259 1289 2325 domist.

287 2367 352 2435 Sed
369 2389 482 2435 eccum
498 2369 598 2433 uideo.
629 2369 748 2434 Nescio
765 2369 851 2434 unde
871 2389 941 2434 sese
958 2367 1055 2432 homo
1068 2369 1185 2451 recipit
1198 2367 1338 2434 domum.
1359 2385 1408 2436 170

476 2749 636 2816 EUGLIO
660 2749 937 2831 MEGADORUQ
962 2749 1094 2816 SENES
1117 2749 1216 2816 DUO.

779 2921 921 2986 Euclio

285 3028 501 3113 Praesagibat
512 3027 591 3093 mihi
603 3029 740 3108 animus,
759 3027 881 3094 frustra
899 3051 950 3094 me
966 3030 1024 3108 ire,
1041 3049 1140 3110 quom
1158 3029 1288 3094 exibam
1303 3029 1407 3097 domo.
1475 3095 1477 3120 ἶ

284 3138 401 3221 Itaque
424 3137 556 3204 abibam
578 3137 717 3218 inuitus3
740 3158 817 3201 nam
839 3157 945 3220 neque
969 3138 1140 3218 quisquam
1163 3135 1335 3202 curialium

284 3246 394 3329 Uenit,
415 3267 522 3330 neque
544 3247 710 3330 magister,
733 3266 829 3328 quem
852 3245 998 3310 diuidere
1022 3251 1192 3329 argentum
1214 3246 1371 3330 oportuit.

285 3355 380 3420 Nune
410 3355 542 3420 domum
570 3375 748 3438 properare
778 3374 934 3437 proper03
968 3375 1043 3418 nam
1070 3361 1199 3435 egomet
1229 3375 1302 3418 sum
1329 3353 1390 3432 hio,

1002 3461 1129 3526 animus
1152 3461 1241 3527 domi
1264 3467 1322 3528 est.

726 3568 968 3652 Megadorus

287 3677 402 3745 saluos
425 3685 524 3762 atque
546 3677 744 3758 fortunatae,
766 3677 889 3758 Euclio,
914 3697 1041 3760 semper
1065 3677 1137 3742 sies.
1361 3693 1409 3746 175

777 3807 922 3873 Euclio
945 3839 949 3847 ·

285 3918 383 3984 Dite
405 3923 524 4000 ament,
548 3917 733 4000 Megadoro.

726 4047 971 4132 Megadorus
1390 4145 1392 4152 Α
1472 4131 1473 4134 ¹

680 4156 766 4236 Quid
788 4157 846 4221 tu?
879 4163 993 4222 recten
1016 4161 1126 4236 atque,
1150 4159 1187 4218 ut
1210 4154 1271 4234 uis,
1294 4153 1408 4220 uades?

356 4393 404 4446 168
422 4407 496 4446 nuno
515 4389 582 4459 quid
653 4379 704 4445 lto
721 4388 805 4445 uideo
824 4405 874 4445 om.
