2922 5006
227 494 290 556 234
744 485 838 540 aranu
1188 483 1349 549 uae-24

226 677 257 744 N
260 701 276 745 e
300 700 395 762 quem
423 679 458 743 in
486 698 584 743 cursu
608 677 715 763 capite
739 683 797 744 aut
819 675 931 742 cubito
955 679 1013 741 aut
1034 679 1169 761 pectore
1192 673 1349 741 offendam

945 789 1004 850 aut
1025 804 1125 868 genu3

226 896 279 961 Ita
296 915 382 961 nunc
400 895 545 962 subitum
556 916 697 980 propere
711 901 745 960 et
757 894 864 962 colere
876 893 1074 958 obiectumst
1085 891 1164 958 mihi
1176 892 1350 976 negotium.

227 1004 296 1070 Nec
320 1005 495 1088 quisquam
517 1005 561 1068 sit
583 1009 651 1068 tam
676 1003 859 1088 opulentus,
884 1002 940 1085 qui
963 1001 1044 1066 mihi
1067 999 1211 1068 obsistat
1231 1003 1262 1066 in
1282 1003 1351 1076 uia,

225 1113 294 1179 Nec
316 1119 480 1194 strategus
502 1133 563 1177 nec
585 1118 747 1196 tyrannus
770 1113 944 1196 quisquam
963 1131 1069 1195 neque
1088 1129 1303 1193 agoranomus

226 1220 295 1286 Neo
319 1219 513 1286 demarchus
536 1241 596 1286 neo
621 1219 821 1298 comarchus,
845 1240 906 1284 nec
929 1240 1004 1284 oum
1026 1225 1121 1285 tenta
1143 1217 1255 1302 gloria,
1302 1235 1354 1288 286

229 1329 314 1408 Quin
337 1329 444 1407 cadat,
468 1328 546 1410 quin
570 1329 677 1412 capite
701 1330 797 1394 sistat
818 1331 852 1393 in
874 1329 930 1393 uia
953 1327 993 1392 de
1017 1327 1145 1392 semita.

229 1437 312 1506 Tum
334 1437 392 1503 isti
416 1437 534 1502 Graeci
557 1436 696 1522 palliati,
720 1440 830 1522 capite
854 1441 969 1522 operto
993 1436 1049 1520 qui
1072 1434 1251 1513 ambulant,

228 1543 291 1622 Qui
313 1545 469 1611 incedunt
491 1544 694 1612 suffarcinati
718 1567 791 1612 oum
812 1545 916 1625 libris,
940 1565 1014 1610 cum
1037 1543 1205 1629 sportulis,

231 1652 402 1736 Constant,
425 1654 598 1720 conferunt
621 1675 787 1720 sermones
810 1655 897 1718 inter
919 1673 989 1718 sese
1011 1653 1178 1737 drapetae,
1306 1669 1359 1721 290

229 1761 381 1840 Obstant,
406 1762 579 1844 obsistunt,
602 1762 759 1828 incedunt
781 1783 856 1826 cum
879 1763 946 1827 suis
971 1762 1151 1826 sententiis

228 1869 333 1954 [Quos
357 1892 486 1956 semper
507 1872 621 1938 uideas
644 1871 795 1937 bibentes
819 1891 891 1936 esse
913 1873 947 1936 in
970 1868 1213 1955 thermopolio.]

228 1980 294 2046 Ubi
316 1981 394 2063 quid
418 1979 619 2065 subripuere,
643 1987 758 2065 operto
782 1978 928 2065 capitulo
951 1979 1093 2044 calidum
1116 1977 1250 2056 bibunt3

227 2087 353 2154 Tristes
376 2095 476 2173 etque
500 2088 616 2154 ebrioli
638 2089 811 2168 incedunt,
835 2109 891 2154 eos
914 2108 974 2171 ego
998 2087 1026 2152 si
1049 2085 1223 2164 offendero,

226 2197 278 2261 Ex
300 2219 366 2262 uno
390 2218 521 2282 quoque
545 2218 658 2262 eorum
682 2199 844 2263 excutiam
867 2197 1026 2280 crepitum
1051 2195 1281 2280 polentacium.
1308 2212 1364 2266 295

227 2305 311 2370 Tum
333 2306 390 2371 isti
414 2306 470 2390 qui
492 2305 612 2371 ludunt
634 2305 773 2371 datatim
798 2305 885 2371 serui
908 2325 1097 2378 scurrarum
1119 2305 1153 2372 iu
1176 2305 1239 2381 uia,

227 2413 271 2479 Et
295 2413 427 2480 datores
450 2421 484 2479 et
506 2413 648 2480 factores
672 2416 775 2480 omnis
799 2415 938 2480 subdam
960 2413 1019 2479 sub
1044 2413 1160 2479 solum.

227 2521 368 2588 Proinde
392 2543 427 2588 se
450 2521 538 2588 domi
561 2523 760 2604 contineant,
783 2523 889 2588 nitent
911 2522 1101 2588 infortunio.

549 2685 551 2688 ·
648 2665 929 2732 Phaedromus

225 2772 329 2838 Recte
351 2773 404 2838 hic
427 2779 598 2854 monstrat,
629 2775 657 2840 si
679 2777 830 2858 inperare
853 2774 972 2858 possit;
1000 2794 1078 2838 nam
1104 2775 1153 2838 ita
1175 2793 1261 2838 nuuc
1284 2794 1365 2839 mos

946 2883 1045 2965 uiget,

225 2990 278 3056 Ita
300 3011 386 3056 nunc
405 2991 625 3057 seruitiumst:
649 2988 798 3076 profecto
815 2989 933 3057 modus
950 2989 1066 3056 haberi
1083 3008 1148 3056 non
1164 2995 1284 3074 potest.
1304 3007 1362 3060 300

693 3132 891 3198 Curculio

226 3239 349 3325 Ecquis
362 3245 483 3325 estqui
495 3244 575 3310 mihi
588 3248 812 3311 conmonstret
823 3241 1067 3308 Phaedromum
1080 3241 1212 3326 genium
1223 3241 1360 3305 meum?

225 3349 277 3414 Ite
300 3371 351 3416 res
374 3349 534 3418 subitost:
560 3353 711 3419 celeriter
733 3350 813 3416 mihi
835 3350 967 3416 homine
991 3354 1188 3416 conuentost
1211 3369 1300 3432 opus.

679 3482 902 3548 Palinurus

227 3589 273 3654 Te
295 3589 351 3654 ille
374 3589 515 3672 quaerit.

653 3715 927 3782 Phaedromus

542 3821 638 3902 Quid,
662 3825 689 3888 si
712 3825 893 3891 adeamus?
917 3823 998 3890 heus
1022 3822 1189 3903 Curculio,
1212 3829 1245 3888 te
1267 3823 1360 3889 uolo.

226 4005 269 4016 m„
276 4005 291 4012 .-
299 4004 444 4014 ...ι-..-

294 4129 344 4181 283
363 4126 456 4180 subito
522 4128 573 4180 284
591 4127 737 4195 quisquam
756 4131 782 4180 st
800 4130 857 4180 tam
919 4127 970 4180 285
988 4125 1117 4182 tirannus
1136 4125 1282 4195 quisquam
1300 4141 1360 4178 nec

226 4214 277 4267 286
295 4211 460 4268 chomorcns
514 4213 564 4267 288
582 4212 647 4267 istic
666 4213 755 4281 greeti
807 4213 858 4267 290
876 4212 951 4266 inter
970 4228 999 4266 se
1017 4215 1127 4281 trepete
1180 4211 1230 4266 295
1247 4209 1362 4262 exciam

226 4300 276 4354 286
294 4297 427 4353 eludatim
446 4297 534 4352 seruis
553 4314 698 4352 carrarum
763 4300 814 4354 228
832 4297 919 4352 Proin
990 4297 1146 4352 infortunio
