2932 5010
549 575 710 633 Bacchides.
1127 584 1186 645 371

74 768 153 840 Quod
171 769 294 847 utrique
317 771 413 829 sorori
437 769 516 828 idem
539 779 647 829 nomen
670 776 723 844 est,
747 771 779 828 id
801 771 831 829 in
847 771 955 848 puellis
973 771 1037 830 lieri
1053 775 1188 850 potuisse

75 871 199 945 videtur,
235 892 291 931 nec
317 878 352 930 ut
379 877 410 932 in
439 872 630 932 Menaechmis
657 873 801 933 iratribus
829 879 911 934 certe
938 877 1001 933 eius
1028 877 1072 932 rei
1100 895 1189 934 causa

74 975 225 1051 querenda
247 979 308 1047 est;
343 975 396 1034 sed
423 976 586 1050 legentium
614 996 703 1035 causa
730 977 956 1052 distinguantur
982 997 1103 1037 necesse
1132 985 1187 1054 est.

72 1077 103 1135 In
124 1078 186 1137 cod.
209 1077 243 1150 B,
268 1077 350 1136 cuius
372 1079 460 1136 unius
482 1079 513 1136 in
534 1079 590 1137 hac
611 1099 644 1136 re
667 1081 830 1138 auctoritas
853 1085 906 1152 est,
928 1081 960 1138 in
982 1082 1079 1157 prima
1101 1101 1189 1139 scena

72 1199 159 1253 soror,
182 1199 249 1258 quse
272 1199 389 1257 semper
404 1181 530 1240 Athenis
553 1181 711 1255 habitavit,
734 1187 805 1240 nota
821 1182 857 1255 A,
883 1183 988 1256 altere,
1010 1182 1189 1243 Mnesilochi

72 1285 168 1356 smica,
191 1302 259 1360 quse
281 1283 369 1343 Samo
392 1284 515 1344 advecta
536 1289 595 1358 cst,
625 1291 697 1342 nota
718 1284 744 1343 E
767 1283 964 1361 significatur,
998 1287 1029 1344 in
1056 1291 1190 1346 extremo

71 1385 170 1445 isbulre
198 1406 288 1445 scena
314 1387 368 1445 illa
393 1385 565 1460 „Bacchis“,
605 1386 668 1446 haec
698 1384 827 1459 „Soror“
859 1387 1038 1448 inscribitur.
1105 1388 1189 1447 Hanc

71 1489 308 1564 significationem
336 1489 525 1549 Camerarius
556 1490 725 1566 adoptavit,
761 1497 790 1548 et
819 1489 998 1549 Bitschelius
1031 1493 1063 1549 in
1096 1491 1190 1551 alters

70 1593 193 1650 editione
217 1595 358 1665 retinuit,
394 1613 485 1670 quum
513 1597 544 1652 in
573 1594 672 1670 priore
701 1592 777 1650 hene
810 1591 1004 1665 „Bacchidem
1026 1591 1071 1666 1“‚
1106 1595 1189 1652 illum

72 1694 262 1765 „Bacchidem
283 1691 331 1753 II“
358 1696 547 1772 appellasset.
598 1695 660 1754 Nos
683 1713 811 1772 quoque,
843 1697 913 1772 quie
934 1701 1061 1772 utroque
1085 1696 1189 1756 eodem

69 1799 127 1854 iure
155 1804 185 1856 et
207 1796 337 1856 *Bacchis
365 1803 396 1855 et
424 1818 508 1858 soror
538 1799 683 1876 appellari
712 1799 824 1875 potuit,
859 1798 942 1856 aliud
971 1800 1131 1858 maluimus
1160 1807 1190 1858 et

69 1899 185 1958 alteram
208 1901 349 1973 Atticam,
374 1901 496 1958 alteram
520 1901 649 1960 Samiam
674 1897 723 1975 (cf.
742 1919 769 1958 v.
790 1898 875 1974 197),
899 1900 1075 1960 Bacchidem
1098 1902 1134 1960 A.
1159 1908 1189 1960 et

69 2001 240 2061 Bacchidem
274 2001 303 2061 S.
333 2003 469 2061 diximus.
531 1995 711 2080 'Chrysalus
745 2000 849 2076 (Codd.
884 2003 946 2061 fere
982 2001 1186 2077 „Ohrisalus“)

68 2123 163 2164 servus
186 2105 225 2164 ab
250 2123 322 2163 auro
345 2105 470 2179 dicitur,
501 2107 563 2164 sive
586 2126 708 2179 aureus,
739 2107 802 2166 sive
825 2107 876 2182 qui
900 2123 1003 2164 aurum
1025 2112 1188 2182 comperet,

66 2215 97 2264 ut
118 2229 144 2267 v.
169 2211 232 2268 700
256 2227 317 2283 sq.:
353 2213 517 2284 ,quantum
539 2208 622 2266 lubet
642 2227 689 2266 mc
703 2195 859 2285 ’poscitote
881 2227 1001 2280 aurum3
1025 2227 1080 2284 ego
1103 2208 1189 2267 dabo.

67 2309 139 2380 Quid
161 2312 236 2369 mihi
258 2311 350 2369 refert
373 2310 519 2388 Chrysalo
542 2331 606 2370 esse
628 2329 750 2384 nomen,
785 2312 841 2369 uisi
868 2311 954 2369 iactis
976 2307 1114 2388 probo?“
1151 2311 1186 2370 cf.

67 2413 133 2472 226.
157 2415 230 2473 237.
257 2415 327 2473 639.
374 2408 569 2474 Pistoclerus
590 2413 667 2472 fidus
691 2415 801 2473 amicus
825 2420 879 2486 est,
903 2415 988 2489 quasi
1004 2418 1114 2472 sortem
1132 2414 1189 2472 sibi

68 2519 248 2576 commissam
270 2515 401 2574 fideliter
424 2537 555 2590 servans,
580 2517 616 2575 cf.
640 2538 667 2576 v.
695 2519 764 2576 195.
790 2519 850 2576 384
874 2536 939 2593 sqq.
989 2509 1191 2576 ttemnachm

67 2619 226 2692 gloriosum
254 2619 360 2678 militis
387 2639 494 2678 nomen
523 2624 578 2678 est.
623 2613 800 2680 Nicobctcr
822 2616 859 2693 (B
880 2621 1056 2697 plerumque
1082 2617 1189 2692 „Nico-

66 2720 178 2780 bolum“
195 2717 314 2794 scribit)
334 2724 419 2798 quasi
435 2723 560 2780 consilio
578 2725 675 2781 victor
691 2725 802 2781 ironice
825 2722 994 2800 appellatur
1015 2741 1113 2794 senex,
1138 2723 1189 2798 qui

67 2824 225 2884 identidem
247 2823 379 2882 ludibrio
400 2823 444 2883 fit.
496 2825 531 2882 In
555 2818 722 2884 Philoxeni
750 2830 780 2883 et
802 2819 995 2884 Mnesilochi
1018 2823 1189 2882 nominibus

66 2927 137 2985 nihil
159 2927 242 2986 ultra
260 2927 452 3003 quaerendum
470 2932 525 3000 est,
549 2947 604 2984 nec
622 2929 715 3004 magis
734 2930 765 2985 in
782 2921 865 3006 Lydi
880 2927 1042 3004 pedagogi
1059 2927 1188 2998 nomine,

66 3049 149 3103 quem
172 3028 262 3088 codd.
281 3049 377 3106 prope
405 3034 579 3088 constanter
604 3027 749 3101 „Lidum“
774 3030 919 3104 scribunt,
948 3028 994 3087 Fl.
1021 3025 1188 3103 „Ludum“,

66 3131 143 3207 quod
170 3151 210 3190 ne
240 3133 307 3207 quis
334 3137 462 3209 propter
488 3151 517 3190 v.
544 3134 601 3190 127
631 3134 829 3190 necessarium
859 3137 991 3200 censeat,
1026 3151 1063 3188 ne
1087 3135 1189 3188 nostra

66 3235 185 3308 quidem
211 3233 359 3293 scribendi
382 3237 498 3293 ratione
521 3236 587 3292 soni
609 3233 836 3293 similitudinem
859 3234 926 3292 tolli
949 3233 1139 3293 arbitremur.

544 3420 626 3425 -——
630 3419 728 3427 ἡ.

146 3543 273 3601 Initium
296 3541 404 3599 fabulae
427 3541 570 3601 excidisse
593 3549 733 3620 apparet,
768 3562 822 3600 nec
850 3541 1017 3614 defuerunt,
1048 3540 1100 3617 qui
1122 3539 1191 3598 huic

65 3644 195 3704 defectui
219 3649 436 3702 succurrerent.
480 3645 555 3703 Nam
579 3645 828 3722 supplementum,
851 3648 962 3720 praeter
984 3648 1190 3718 argumentum

65 3747 222 3824 prologum
252 3751 283 3803 et
304 3765 421 3806 scenam
449 3748 576 3823 primam
604 3749 774 3820 continens,
804 3749 836 3805 iu
864 3747 996 3804 editione
1018 3745 1140 3804 Iuntina
1163 3765 1189 3804 a.

69 3851 145 3907 1514
169 3849 314 3907 Nicoleus
336 3850 480 3924 Angelius
503 3850 614 3923 edidit,
647 3869 723 3926 opus
746 3851 865 3908 minime
887 3847 1085 3920 laudandum,
1109 3847 1190 3924 quod

66 3951 202 4010 Lascarie
230 3954 441 4028 grammaticus
464 3951 584 4011 crocu·
606 3952 753 4011 Messene
776 3953 924 4011 invenisse
948 3971 980 4009 se
1003 3951 1091 4023 dicit,
1125 3949 1189 4007 Rit-

66 4055 192 4113 schelius
215 4061 315 4112 autem
337 4056 368 4112 in
391 4057 512 4132 egregia
533 4055 587 4112 illa
608 4053 812 4132 disputatione
835 4055 871 4112 de
893 4052 1099 4124 Bacchidibus,
1123 4070 1190 4126 quae

66 4155 178 4230 legitur
202 4157 233 4214 in
255 4155 393 4231 Parergis
414 4177 445 4234 p.
467 4155 524 4215 391
550 4175 626 4232 sqq,
650 4159 780 4216 Antonio
802 4157 1016 4215 Panormitano
1038 4154 1190 4212 vindicare

68 4265 201 4318 conetur.
235 4259 433 4335 Repetierunt
449 4266 550 4317 temen
569 4257 716 4316 editorum
733 4259 869 4334 plerique
881 4277 976 4335 usque
990 4256 1028 4315 cd
1040 4257 1189 4316 Bothium.

66 4360 158 4420 Immo
184 4363 224 4434 si,
255 4379 321 4438 quse
343 4363 504 4438 perierint,
534 4361 633 4418 animo
655 4361 814 4418 informare
835 4360 986 4433 volumus,
1010 4360 1070 4418 alie
1091 4359 1191 4437 potius

67 4462 237 4522 adiumento
255 4463 414 4540 quaerenda
432 4469 516 4536 sunt3
540 4483 607 4520 nem
625 4463 704 4540 apud
717 4461 893 4536 charisium,
911 4463 1039 4520 Nonium
1057 4461 1191 4538 aliosque

935 4575 985 4628 24*
