2922 5006
597 495 732 554 Curculio.
1150 507 1212 570 255

534 683 772 754 Planesium
834 694 837 702 ⁴

527 795 657 878 Rogita,
680 795 767 862 unde
790 795 899 864 ieiuno
920 795 1043 864 hebeat
1066 797 1210 866 anulum.

97 902 187 970 Pater
207 907 312 972 istum
334 923 426 970 moue
448 903 629 988 geetituuit.

552 1019 749 1089 Curculio

678 1131 836 1214 ueprius
858 1151 931 1200 mea
952 1138 1141 1236 matertere.

534 1251 766 1318 Planesium

11 1423 12 1428 ,
93 1359 191 1427 Mater
213 1363 244 1427 ei
267 1359 429 1428 utendum
451 1358 598 1428 dederat.

550 1464 750 1546 Guroulio

641 1588 741 1654 Peter
763 1607 836 1671 eruo
857 1589 956 1671 ἱρέων
978 1609 1051 1658 eum
1072 1590 1143 1658 tibi.

534 1707 772 1774 Planesium

89 1815 198 1902 Nugas
221 1817 338 1902 gerris.

559 1933 749 2002 Curculio

370 2043 482 2126 Soloo;
504 2063 581 2108 nem
603 2047 740 2128 propter
762 2062 819 2110 ees
841 2043 919 2110 uiuo
942 2037 1081 2112 facilius.

514 2172 782 2240 Phaedromus

86 2283 143 2350 Dio
164 2304 265 2350 nuno.

528 2387 770 2456 Planesium

326 2498 482 2579 Obsecro,
505 2499 653 2583 parentis
676 2518 718 2564 ne
740 2517 831 2584 meos
854 2496 933 2566 mihi
955 2498 1143 2584 prohibeas.
1162 2517 1213 2572 eoo

557 2639 749 2708 Curculio

85 2750 178 2832 Quid,
198 2751 284 2836 ego?
309 2749 372 2817 sub
390 2769 559 2834 gemmane
581 2748 752 2816 abstrusos
774 2747 882 2816 habeo
905 2755 996 2816 tuem
1018 2757 1157 2818 matrem
1180 2758 1214 2817 et

806 2859 957 2942 putrem?

534 2962 772 3030 Planesium

85 3075 207 3142 Libera
231 3094 293 3158 ego
315 3095 386 3141 sum
408 3079 498 3139 note.

552 3176 749 3245 Curculio

457 3287 500 3354 Et
523 3287 581 3354 ulii
603 3287 707 3369 multi,
731 3288 789 3372 qui
811 3307 897 3354 nuno
920 3288 1078 3354 seruiunt.

401 3453 405 3464 ·
512 3405 792 3474 Phaedromus

80 3517 263 3584 Enimuero
285 3516 420 3583 iresoor.

553 3622 749 3690 Curculio

324 3733 400 3798 Dixi
423 3731 573 3816 equidem
595 3730 667 3812 tibi,
690 3730 778 3797 unde
801 3729 844 3797 od
866 3751 917 3797 me
940 3729 994 3797 hio
1016 3731 1214 3816 peruenerit.

80 3841 245 3920 Quotiens
268 3841 494 3908 dicendumst?
538 3839 631 3906 Elusi
653 3839 801 3920 militem,
823 3841 967 3923 inquom,
990 3840 1024 3905 in
1047 3839 1130 3906 eloe.

456 3960 848 4044 Therapontigonus

78 4069 199 4136 Saluos
225 4089 312 4148 eum;
336 4089 448 4136 eooum
465 4089 561 4152 quem
580 4067 790 4151 quaerebam.
826 4063 912 4144 Quid
932 4066 1012 4148 egio,
1035 4065 1120 4132 bone
1138 4067 1213 4132 uir?

78 4233 203 4240 --.-.—..--
223 4229 299 4237 ...ι-

146 4302 203 4356 602
220 4299 299 4370 prius
314 4314 364 4355 om.
418 4301 469 4355 605
487 4298 570 4353 Peter
586 4316 622 4353 uo
637 4301 661 4354 ie
677 4298 827 4354 riuumtibi
867 4300 918 4354 605
936 4295 1009 4366 Quid
1026 4297 1122 4353 nuno?
1146 4295 1214 4354 cur·

78 4387 185 4442 maioni
205 4385 376 4442 couinuatu
444 4386 495 4440 608
513 4383 620 4439 PLAN.
639 4384 793 4440 Enimuero
1215 4425 1219 4433 .
