2956 5010
564 501 597 556 V.
615 503 758 556 cat-662.
1157 512 1214 572 531

99 717 196 756 verum
226 717 293 756 aeae
321 718 381 756 non
408 702 523 775 potcet;
557 719 611 758 nec
640 700 720 757 enim·
740 699 907 758 Planesium
936 701 988 758 aed
1016 720 1118 760 omnes
1147 703 1218 761 allo-

98 801 205 875 quitur.
259 799 413 860 Acidaliua
441 801 535 875 vidit,
568 801 738 860 Planesium
767 801 870 862 audito
899 805 994 880 patrie
1022 805 1139 863 nomine
1169 827 1218 864 ex-

97 903 248 960 clamando
271 903 329 962 hoc
350 909 495 981 repetere.
542 893 623 964 Hem
645 924 747 964 verene
776 925 866 964 cauea
887 905 1004 964 addidit
1027 907 1089 981 Fl.;
1123 907 1217 986 Gepp.

96 1025 152 1063 non
175 1008 275 1066 minue
298 1006 374 1066 bene
400 1003 535 1080 „Quid?“
561 1037 603 1046 —
627 1009 697 1067 636.
725 1005 917 1084 priusquam
938 1007 1086 1084 moritur,
1121 1013 1157 1070 cf.
1182 1011 1219 1069 ad

95 1108 201 1186 Amph.
216 1111 290 1168 661.
308 1139 351 1149 -
370 1112 440 1170 639.
463 1109 521 1168 Pro
545 1115 684 1188 corrupto
707 1107 766 1171 isle
787 1110 874 1170 Both.
902 1108 988 1184 „ieti“
1014 1115 1099 1189 quasi
1122 1115 1216 1187 istius,

96 1211 192 1286 anuli,
221 1215 401 1289 pronomine
429 1213 479 1273 rix
507 1217 598 1273 recto.
643 1212 688 1273 Fl.
712 1213 767 1272 hoc
794 1219 914 1293 recepto
942 1219 1088 1293 praterea
1115 1236 1218 1276 verene

97 1334 201 1374 cauea:
228 1315 274 1391 „0
297 1317 394 1394 pictae
416 1311 500 1374 mea“
526 1316 634 1388 edidit;
659 1313 752 1394 Gepp.
768 1313 885 1391 „iatic“.
915 1317 1061 1395 Equidem
1083 1315 1147 1392 „te“
1169 1319 1218 1378 de·

96 1417 168 1490 levi3
192 1439 328 1478 errorem
350 1419 492 1478 librariue
509 1421 613 1478 atatim
631 1418 842 1479 animadvertit
858 1425 888 1479 et
904 1441 1007 1480 verum
1024 1437 1073 1483 me
1091 1422 1217 1481 addidit.

96 1519 168 1578 Tum
191 1518 264 1583 eiua
286 1522 403 1596 addidi,
427 1522 507 1599 quod
529 1542 633 1582 eeneue
655 1523 799 1600 postulat.
822 1553 865 1562 -
888 1517 995 1584 Pietas
1013 1539 1095 1599 mcc,
1120 1525 1155 1583 of.
1181 1525 1219 1584 ad

96 1622 199 1684 Bacch.
225 1628 299 1685 874.
325 1657 362 1666 -
388 1629 459 1686 639.
482 1622 618 1698 sabaal,
643 1626 807 1686 observavi.
829 1657 872 1667 -
896 1628 966 1686 640.
997 1627 1107 1686 Vereue
1129 1648 1220 1687 cauea

95 1727 232 1806 plerique
251 1729 320 1788 cdd.
332 1729 424 1788 verba
441 1734 650 1806 transponunt,
670 1733 704 1788 ut
715 1730 775 1789 Fl.:
803 1730 879 1803 „Qui
896 1749 950 1806 ego
968 1730 1046 1788 ietnc
1058 1727 1215 1790 credam?“

96 1849 149 1906 ego
174 1826 232 1892 iibc'
255 1832 400 1892 excidisse
422 1836 536 1910 putavi.
558 1862 602 1872 -
625 1833 695 1892 643.
719 1849 781 1910 per
803 1827 975 1911 Dionysia,
999 1832 1157 1908 Dionysiie,
1181 1835 1218 1892 cf.

95 1931 158 1992 Liv.
182 1935 221 2009 Π,
249 1939 298 2008 18,
325 1937 356 1994 l:
384 1956 456 2014 „per
477 1932 595 1995 ludoe“.
617 1965 660 1976 -—
683 1937 754 1996 644.
777 1935 823 1994 Fl.
847 1942 916 1994 ante
937 1935 1016 1995 hunc
1037 1955 1155 1995 vernum
1177 1937 1219 1995 la·

96 2055 200 2096 cunam
222 2039 386 2112 indicavit,
410 2039 534 2112 iniuria3
567 2034 622 2100 illo
644 2040 732 2100 facile
755 2060 791 2099 ex
813 2043 954 2100 contextu
976 2040 1163 2114 intelligitur,
1186 2041 1217 2098 in

95 2142 334 2215 spectaculorum
362 2142 467 2200 locum.
498 2171 539 2182 —
572 2139 637 2202 iam
658 2143 705 2217 ul,
739 2145 759 2202 i.
784 2163 809 2203 e.
833 2143 884 2201 ubi
913 2143 1056 2221 primum,
1090 2143 1127 2202 cf.
1149 2143 1217 2203 Ter.

95 2240 164 2302 Hoc.
191 2246 268 2304 378:
306 2247 385 2320 „iam
412 2249 446 2305 ut
473 2246 564 2306 limen
593 2248 722 2306 exieram
753 2243 850 2320 (codd.
879 2246 973 2304 male:
1009 2238 1148 2322 exirem),
1182 2246 1219 2304 ad

95 2367 191 2423 genna
219 2344 359 2408 accidit“.
387 2379 430 2390 —
461 2351 531 2408 645.
566 2345 733 2426 spectacla,
767 2349 908 2409 subsellia
937 2349 1037 2424 lignea
1064 2349 1219 2426 spectandi

95 2469 183 2511 cauea
213 2457 382 2531 compacta,
418 2453 454 2511 cf.
483 2452 548 2511 Liv.
572 2454 602 2526 Ι,
634 2455 688 2526 35,
719 2455 747 2512 8.
798 2452 899 2512 Iuren.
931 2453 966 2525 8,
998 2455 1068 2512 205.
1115 2453 1218 2528 ructat,

95 2562 249 2630 corruunt,
273 2556 308 2614 cf.
322 2556 387 2616 Liv.
399 2555 449 2630 IV,
470 2557 518 2630 21,
538 2557 570 2614 5:
598 2575 702 2628 „ruere
717 2557 748 2614 in
767 2557 848 2632 agria
870 2555 1086 2615 nuntiabantur
1107 2553 1217 2614 tecta“.

93 2685 134 2697 -
158 2661 233 2718 646.
259 2659 325 2717 ium
345 2654 398 2732 ibi,
423 2659 458 2717 cf.
477 2659 544 2718 Ter.
562 2659 654 2719 Andr.
676 2661 749 2720 106:
779 2659 841 2734 „Ibi
858 2657 950 2719 tum“.
997 2659 1055 2719 (lio.
1069 2681 1097 2738 p.
1112 2659 1217 2718 Caecin.

98 2761 149 2834 10,
175 2765 234 2820 27:
272 2781 380 2838 „quum
409 2761 556 2820 Aebutius
584 2763 706 2822 Caecinae
734 2764 843 2823 malum
872 2765 1050 2836 minaretur,
1084 2761 1126 2820 ibi
1156 2768 1218 2820 tum

95 2862 241 2924 Caecinam
258 2861 455 2944 postulaeee“.
467 2895 509 2906 -
520 2861 624 2924 nescio
642 2861 696 2942 qui
707 2865 796 2924 Both.
808 2886 912 2925 versus
929 2886 1025 2940 cauea,
1042 2866 1076 2924 cf.
1090 2865 1127 2923 ad
1142 2867 1219 2938 2743

95 2965 138 3028 l'l.
152 2975 288 3047 tranep.:
316 2971 434 3042 „nescio
452 2971 519 3046 quie
538 2963 615 3026 me“.
628 2997 671 3007 -
682 2963 796 3043 abripit
812 2967 916 3027 Eamb.
929 2987 995 3040 em.,
1014 2972 1048 3026 ut
1064 2967 1172 3026 euadat
1190 2987 1218 3026 v.

98 3074 166 3134 648,
213 3073 296 3132 Idem
319 3091 403 3130 error
424 3092 451 3130 v.
478 3073 548 3131 691.
571 3101 614 3112 -
643 3072 712 3131 649.
743 3065 877 3130 Memini
898 3067 1000 3130 istanc
1028 3091 1083 3130 cm.
1107 3069 1218 3128 Guliel-

94 3194 170 3236 mus.
194 3205 238 3217 -
267 3173 337 3236 652ι
367 3172 467 3253 perii,
497 3175 533 3234 af.
557 3175 643 3253 Capt.
670 3175 740 3233 532.
767 3203 803 3212 -
836 3169 963 3234 Scaeae
986 3189 1019 3233 ea
1049 3179 1103 3233 etc.
1147 3173 1219 3231 Haec

96 3285 163 3338 ante
201 3277 371 3338 Acidalium
410 3279 588 3338 Phaedromo
627 3277 846 3338 tribuebantur.
881 3305 924 3318 -
957 3279 1028 3336 654.
1074 3271 1131 3336 tibi
1165 3291 1218 3352 epo

94 3386 210 3460 tranap.
233 3381 279 3440 Fl.
302 3412 345 3422 -
368 3385 438 3442 655.
462 3398 530 3444 mec
551 3397 641 3442 soror
663 3387 734 3440 cett.
759 3381 844 3442 codd.
867 3411 909 3421 -
933 3383 1003 3439 658.
1032 3379 1086 3452 Tu,
1110 3380 1217 3455 inquit,

96 3490 130 3542 ut
151 3465 225 3562 pote
248 3487 298 3562 qui
316 3485 405 3544 hodie
422 3485 587 3558 adveneris,
612 3505 714 3544 cenam
733 3483 803 3544 dato
820 3504 878 3542 non
895 3484 988 3542 colum
1007 3481 1218 3555 adventoriam,

96 3594 130 3644 ut
153 3591 227 3647 dicit
249 3589 396 3648 Martialis
418 3589 502 3666 prael.
526 3589 576 3648 lib.
600 3589 673 3663 XII,
702 3589 753 3646 aed
776 3589 935 3660 corariam,
963 3606 1064 3645 sorore
1087 3587 1217 3646 inventa.

96 3719 138 3730 -
170 3694 241 3752 659.
274 3691 383 3751 Totum
416 3713 534 3752 versum
567 3693 739 3752 Curculioni
772 3691 856 3750 dedit
888 3691 1038 3750 Acidaliae
1072 3689 1216 3750 ecribene:

99 3794 324 3868 „Promittitin'l
369 3795 431 3854 PH.
455 3796 531 3855 Tace
553 3793 617 3868 tu“,
651 3815 711 3872 qua
733 3797 903 3854 coniectura
925 3798 976 3855 vix
998 3814 1072 3872 opue
1095 3799 1150 3852 cet.
1195 3793 1218 3850 B

96 3917 290 3972 personarum
308 3903 393 3956 notae
411 3899 588 3957 nonhabet.
629 3899 656 3956 I:
683 3898 1024 3974 ‚‚M1L.Pr0mitrimus.
1059 3898 1135 3956 Tace
1152 3891 1216 3955 tu“.

96 4001 181 4062 Anti.
206 4002 290 4060 edd:
325 4001 406 4074 „Pru
429 4002 648 4060 Promittimue.
687 4002 769 4061 MIL.
799 4002 877 4060 Tace
899 3998 962 4060 tu“.
1008 3999 1093 4072 Quod
1117 4006 1219 4057 contra

98 4123 162 4164 eeee
185 4105 283 4164 debet.
333 4105 436 4180 Miles,
469 4126 556 4184 quem
586 4105 750 4182 alloquitur
774 4104 913 4165 Curculio
935 4124 963 4163 v.
990 4107 1066 4174 658,
1095 4121 1218 4179 reapon-

98 4207 164 4282 det;
198 4206 404 4282 Phaedromne,
440 4208 628 4286 sponsalibus
658 4209 788 4266 nondum
816 4209 918 4280 factis,
949 4207 1023 4266 nihil
1056 4208 1217 4284 promittit,
1342 4258 1343 4262 ,

98 4311 150 4369 sed
177 4319 278 4372 tacere
304 4315 468 4393 parasitum
496 4313 588 4371 iubet.
612 4341 654 4351 ·-
678 4313 747 4372 662.
786 4307 870 4388 Quid
897 4307 1001 4372 cocis?
1045 4311 1134 4368 Militi
1156 4311 1219 4367 liaeo

99 4414 182 4475 dedit
202 4417 336 4490 Bothiue‚
360 4420 448 4489 recte,
472 4435 540 4474 nam
564 4415 588 4472 ei
607 4405 777 4474 ¹Phaedromi
801 4421 907 4488 eeeent,
932 4414 1069 4474 Curculio
1096 4411 1215 4488 „uiuae“
