2960 5012
75 504 103 572 n,
113 508 134 574 1,
145 505 248 560 ea-eo
555 495 705 566 iuuene.

76 693 131 759 Sed
151 693 202 760 hio
225 693 362 778 legibue,
385 715 483 778 quam
507 697 585 763 dare
607 700 666 780 uia,
689 699 821 768 duoam:

76 801 155 880 Quae
177 823 249 868 oras
271 805 392 882 ueniat,
415 806 569 888 perendie
590 807 679 874 forae
701 808 835 890 feratur,
858 831 965 891 eoror;

76 911 127 977 Hie
148 912 274 994 legibue
297 911 378 977 eodo
400 914 533 998 nuptiae
556 915 693 984 adema.

530 1057 725 1123 Eunomia

75 1159 169 1236 Quum
191 1182 346 1228 maxuma
366 1185 501 1247 possum
523 1164 594 1245 tibi,
617 1163 729 1246 freter,
753 1165 831 1231 dare
854 1167 946 1248 dote;

75 1269 127 1334 Sed
150 1275 200 1335 eet
223 1271 377 1354 grandior
398 1279 488 1352 natu,
512 1272 819 1364 mediant-mulieris
842 1280 944 1340 aetas.

74 1377 146 1442 Eam
168 1378 321 1458 nimbos,
344 1377 455 1459 frater,
478 1380 539 1444 tibi
561 1402 612 1446 me
635 1401 782 1466 poscere,
805 1401 948 1466 poeoam.

509 1522 750 1605 Megadorus

75 1627 150 1693 Num
170 1649 235 1694 non
256 1629 309 1695 uie
331 1651 382 1695 me
404 1631 609 1714 interrogare
631 1631 689 1696 te?

527 1773 723 1839 Eunomia

726 1881 839 1961 Immo,
861 1883 888 1946 si
910 1882 988 1964 quid
1008 1884 1070 1966 uie,
1092 1906 1183 1968 roge.

502 2011 742 2094 Megadorus

74 2119 144 2184 Post
159 2119 299 2184 mediam
317 2127 459 2185 aetatem
478 2121 535 2202 qui
550 2119 660 2184 media
677 2119 768 2184 duoit
786 2141 921 2184 uxorem
940 2121 1081 2203 domum,
1135 2141 1183 2194 155
1266 2113 1269 2118 ’

76 2227 107 2291 Si
126 2249 193 2293 eam
216 2249 315 2292 senex
338 2248 435 2292 anum
458 2235 691 2310 praegnantem
713 2225 851 2292 fortuitu
873 2227 997 2310 feeerit,

76 2333 153 2410 Quid
175 2335 315 2413 dubitas,
338 2337 417 2418 quin
441 2337 484 2400 eit
506 2341 658 2420 paratum
681 2355 799 2400 nomen
822 2357 924 2418 puero
947 2337 1142 2404 Postumus?

75 2441 160 2509 Nunc
181 2465 239 2527 ego
262 2445 370 2531 istum,
394 2464 496 2524 soror,
518 2443 665 2508 laborem
688 2442 816 2508 demam
839 2451 872 2508 et
894 2443 1080 2512 deminuam
1102 2447 1174 2514 tibi.

75 2551 135 2635 Ego
156 2553 278 2618 uirtute
302 2551 399 2616 deum
422 2553 636 2616 etmalorum
656 2557 804 2615 nostrum
828 2551 921 2616 diues
945 2575 1016 2618 eum
1038 2556 1129 2621 satie.

76 2659 153 2726 Istas
174 2681 308 2745 magnae
331 2659 499 2739 factiones,
522 2660 658 2738 animos,
682 2658 776 2723 dotes
800 2659 944 2742 dapsilie,
1136 2680 1185 2735 160

78 2765 240 2848 Clamores,
263 2769 401 2852 inperia,
424 2767 564 2833 eburata
585 2765 723 2846 uehiola‚
746 2765 861 2849 pallas,
885 2789 1066 2852 purpuram

76 2873 156 2940 Nihil
176 2897 298 2956 moror,
322 2897 407 2960 quae
429 2878 464 2941 in
486 2878 678 2942 seruitutem
699 2874 884 2958 sumptibus
907 2876 1062 2960 redigunt
1083 2879 1185 2944 uiros.

526 3006 723 3071 Eunomia

78 3113 129 3178 llio
149 3115 235 3196 mihi,
260 3135 392 3200 quaeso,
416 3115 488 3196 quis
512 3135 551 3180 ea
572 3121 633 3193 eet,
657 3134 755 3196 quam
778 3114 828 3177 uis
852 3114 971 3178 ducere
993 3115 1154 3180 uxorem?

503 3255 745 3339 Megadorus

1028 3362 1185 3446 Eloquar.

76 3471 218 3540 Nouiatin
239 3475 326 3540 huno
349 3493 458 3538 senem
480 3471 672 3537 Euclionem
694 3493 733 3536 ex
751 3492 909 3554 proxumo
927 3471 1186 3555 pauperculum?

529 3597 727 3662 Eunomia

76 3704 162 3788 Noui,
181 3707 346 3773 hominem
367 3705 457 3770 haud
478 3705 600 3770 malum
622 3710 795 3770 mecastor.

507 3829 747 3914 Megadorus
934 3925 935 3929 Ἰ

769 3937 848 4001 Eius
871 3936 967 4020 oupio
990 3936 1090 4002 filiam
1137 3955 1187 4009 155

80 4111 292 4124 ⁸¹⁸⁸—-

141 4217 186 4270 148
201 4217 327 4286 iuppiter
343 4231 403 4270 cum
420 4217 593 4270 antecedenti.
679 4217 728 4270 150
744 4214 853 4284 legibue
872 4229 955 4282 quam
974 4211 1038 4264 dure
1056 4212 1098 4265 nie
1117 4212 1186 4267 cedo

81 4297 124 4348 151
141 4302 202 4368 qnid
219 4301 330 4356 dubitas
349 4301 417 4371 quid
436 4301 474 4356 ait
523 4301 571 4357 159
589 4305 748 4356 nostrorum
793 4301 844 4354 162
862 4298 891 4354 in
910 4297 1078 4352 seruitutem
1097 4315 1188 4368 eump-

80 4380 147 4437 tibua
164 4387 327 4457 rediguntur
759 4391 762 4398 '
