2916 5006
232 471 293 532 396
713 463 876 519 Bacchides.

230 660 313 719 uolui
330 661 472 733 transegi,
496 663 588 736 atque
605 677 661 733 ego
680 659 834 735 conspicor
845 655 984 718 nauem“.
1019 657 1109 718 Poen.
1124 657 1202 716 654:
1230 655 1367 729 ,dudum

232 783 316 822 mane
338 767 373 822 ut
396 759 433 820 ad
454 767 574 840 portum
596 761 810 838 processimus,
844 765 934 838 atque
956 762 1048 819 istum
1072 781 1088 819 e
1109 761 1183 818 naui
1206 764 1368 818 exeuntem

231 867 370 926 oneraria
391 860 558 923 uidemus“.
609 861 784 922 Γ1111111111
813 863 937 923 obscure
965 863 1117 922 obversati
1145 862 1285 920 videntur
1314 861 1367 934 iis,
1442 939 1443 944 η

231 971 283 1047 qui
305 971 336 1026 in
358 968 446 1044 Verg.
471 965 579 1042 Georg.
603 965 633 1038 Ι,
658 967 718 1025 203
752 962 882 1043 „atque“
910 961 1052 1042 ,‚statim“
1076 964 1244 1042 significare
1271 965 1368 1024 docu·
1442 955 1443 1002 1

231 1077 333 1144 erunt,
363 1076 398 1128 ut
420 1069 497 1129 Gell.
520 1067 558 1141 X,
584 1070 633 1140 29,
658 1069 687 1126 4.
720 1099 757 1109 -
789 1071 850 1130 276
874 1090 917 1148 sq.
950 1063 1088 1130 Lembos
1110 1063 1235 1146 lorcyus,
1258 1069 1369 1127 celeri·

231 1181 294 1233 tate
306 1181 453 1250 prestans
466 1169 700 1248 etpraedonibus
718 1177 821 1249 aptus;
845 1174 966 1250 piratici
986 1171 1076 1231 lembi
1094 1177 1370 1230 commemorantur

233 1278 313 1354 apud
337 1277 474 1338 Curtium
496 1278 545 1350 lv,
571 1280 621 1337 23.
666 1277 742 1336 Tam
765 1272 932 1353 streperem
961 1295 997 1333 ex
1027 1273 1164 1334 codicum
1187 1277 1370 1333 auctoritate
1442 1265 1443 1320 ἶ

233 1379 422 1440 scribendum
446 1401 511 1440 esse
534 1381 630 1440 videri
646 1382 750 1458 possit,
775 1399 809 1436 ac
827 1381 870 1437 sic
888 1378 985 1438 voluit
1000 1377 1157 1436 Dacierius
1176 1377 1214 1436 ad
1232 1375 1369 1448 Festum,

232 1481 283 1540 ubi
312 1483 414 1542 eadem
444 1505 503 1544 vox
533 1501 678 1562 apparere
706 1481 878 1554 videbatur,
913 1480 995 1558 Epit.
1020 1501 1049 1557 p.
1075 1481 1151 1539 315:
1196 1479 1370 1554 ,Strigores

232 1584 390 1646 densarum
419 1592 529 1647 virium
557 1581 730 1656 homines“;
764 1586 860 1662 ipsius
887 1582 969 1641 Festi
1002 1584 1083 1641 locus
1117 1583 1276 1642 lacunosae
1307 1589 1366 1640 est.

232 1687 290 1747 Sed
324 1679 471 1766 quidquid
503 1691 539 1748 de
568 1690 667 1747 lacero
703 1689 756 1747 illo
791 1687 857 1745 loco
888 1685 1076 1744 statuendum
1108 1691 1168 1759 est,
1205 1684 1371 1744 difficulter

233 1791 422 1868 intelligitur,
448 1813 506 1870 quo
529 1792 618 1850 modo
642 1809 776 1868 personae
799 1809 917 1862 nomen,
941 1809 1001 1847 non
1026 1809 1044 1846 a
1066 1789 1173 1866 supino
1196 1788 1282 1847 verbi
1306 1788 1367 1846 lor·

233 1900 360 1966 matum,
384 1897 415 1952 in
438 1915 473 1954 or
495 1897 576 1952 exire
598 1895 704 1971 possit.
754 1891 891 1949 Muretus
919 1899 950 1948 et
973 1889 1133 1950 Salmasius
1160 1889 1366 1966 „strigonem“

233 1996 446 2068 emendarunt,
486 1997 539 2055 sed
566 1997 672 2072 ,ipsius
711 1996 792 2052 vocis
826 1993 1039 2051 obscuritatem
1073 2013 1131 2051 non
1166 1995 1369 2052 sustulerunt.

233 2099 301 2156 Iure
324 2101 418 2173 igitur
441 2099 592 2157 dubitavit
613 2096 783 2170 Acidaliae,
819 2115 999 2173 quamquem
1029 2113 1136 2173 parum
1158 2095 1288 2154 feliciter
1312 2095 1372 2153 hcc

233 2221 320 2260 versu
349 2209 419 2278 post
443 2203 503 2261 265
533 2203 631 2278 posito
661 2201 798 2277 scripsit:
836 2195 992 2271 „Longam
1022 2203 1067 2255 est
1094 2198 1241 2256 triccnem
1270 2197 1371 2256 male·

232 2302 319 2361 ficum
343 2301 545 2376 exornarier“,
571 2323 606 2361 ex
629 2302 745 2361 Lucilio
770 2319 816 2376 ap.
841 2298 916 2356 Non.
940 2321 969 2376 p.
992 2301 1030 2358 22
1058 2297 1250 2372 „triconem“⁴
1271 2299 1371 2358 adsci-

234 2425 327 2477 scens,
353 2410 371 2465 i.
397 2427 421 2466 e.
446 2407 638 2466 infitiatorem
660 2407 773 2463 lentum
796 2421 972 2480 semperque
994 2405 1085 2460 tricas
1108 2407 1266 2460 serentem.
1302 2401 1371 2460 Rit-

234 2507 360 2566 schclius
382 2514 483 2567 tamen
506 2509 612 2568 iisdem
634 2509 768 2582 vestigiis
791 2508 930 2564 insistens
948 2523 1066 2562 versum
1085 2523 1138 2563 suc
1156 2505 1222 2562 loco
1241 2505 1371 2563 retinuit

233 2609 380 2667 scribens:
409 2611 557 2684 „lenibum
575 2613 732 2688 conspicor
750 2609 886 2683 Longum
910 2607 963 2665 abs
984 2608 1101 2666 triceno
1123 2606 1261 2666 malefico
1280 2629 1371 2667 exer

232 2709 363 2785 narier“,
399 2714 484 2789 quasi
523 2719 575 2772 aut
612 2715 708 2789 ipsum
741 2709 983 2769 Archidemidem
1022 2729 1127 2768 navem
1169 2717 1371 2770 exornantem

232 2813 393 2888 vidissent,
425 2821 476 2874 aut
503 2818 580 2874 trico
604 2823 674 2892 apte
695 2811 846 2872 maleficus
869 2813 929 2872 dici
951 2819 1064 2890 posset.
1110 2811 1260 2890 Equidem
1282 2817 1371 2889 inge-

232 2919 349 2976 niosam
385 2916 500 2976 Gertaii
540 2917 776 2976 emendationem
815 2919 930 2993 recepi:
972 2915 1140 2994 apportem.
1204 2917 1372 2992 Aptissima

235 3021 314 3078 enim
339 3020 452 3078 lembus
481 3021 532 3078 ille
562 3021 707 3098 piraticus
737 3039 803 3078 cum
833 3008 907 3096 pisci
930 3025 1134 3095 comparatur,
1170 3019 1254 3077 cuius
1277 3038 1373 3094 super

234 3122 360 3182 caudam
390 3125 501 3181 eminet
530 3123 650 3181 aculeus
678 3123 740 3180 eive
767 3121 886 3194 radius,
917 3128 952 3180 ut
980 3125 1024 3179 ait
1051 3121 1167 3179 Plinius
1190 3120 1228 3180 H.
1252 3119 1287 3178 N.
1313 3121 1371 3194 IX,

233 3227 282 3298 48,
310 3227 359 3296 72,
387 3228 456 3297 155,
486 3224 686 3301 quincunciali
714 3224 932 3299 magnitudine,
966 3243 1023 3300 quo
1045 3224 1120 3282 nihil
1143 3222 1371 3284 exsecrabilius.

236 3322 408 3400 „Letalem“
446 3328 572 3386 cundem
607 3327 682 3386 dicit
710 3323 988 3404 Ausonius'Epist.
1012 3329 1047 3400 4,
1078 3329 1127 3385 60.
1184 3326 1372 3386 Notissimus

232 3435 330 3488 autem
364 3435 430 3487 erat
465 3449 501 3488 ex
534 3431 660 3503 fabulis3
702 3433 765 3488 eius
799 3431 877 3487 enim
911 3429 1014 3489 aculeo
1050 3421 1219 3504 Tele‘gonus
1248 3427 1371 3490 Ulixem

231 3537 348 3608 patrem
370 3531 554 3590 interfecisse
577 3531 739 3606 ferebatur,
773 3531 852 3590 unde
872 3531 1028 3610 Sophoclis
1048 3533 1198 3609 tragoedia
1219 3532 1370 3598 ’Θῦνσσείς

232 3635 413 3704 ἀκανθοπλὴξ
434 3635 582 3712 inscripta
605 3641 657 3708 est,
682 3653 748 3712 quse
772 3635 875 3692 eadem
899 3633 1009 3713 Niptra
1032 3655 1095 3693 esse
1117 3640 1250 3712 putatur,
1276 3655 1368 3712 quam

232 3737 378 3796 Pacuvius
391 3737 528 3796 Latinam
540 3738 620 3797 fecit.
656 3737 698 3797 cf.
712 3737 841 3815 Oppian.
857 3735 986 3796 llalieut.
999 3737 1036 3812 Π,
1052 3741 1126 3798 505:
1146 3740 1194 3796 τὸν
1206 3737 1363 3810 αἰολόμητιν

230 3840 403 3898 Ὀδυσσέα..
417 3886 421 3896 .
434 3841 540 3916 τρυγὼν
563 3841 728 3917 ἀλγινόεσσα
750 3841 798 3916 μιῇ
817 3841 977 3916 κατενήρατο
996 3843 1067 3917 ῥιπῇ.
1113 3841 1263 3918 Lycophr.
1283 3839 1366 3899 Casa.

233 3945 293 4002 795
304 3968 310 4002 :
330 3945 454 4000 1111111δέ
464 3945 553 4018 τύψας
566 3945 670 4021 111111ρὰ
681 3947 782 4020 λοίγιος
796 3945 894 4008 cudae}
905 3945 1003 4019 κέντρῳ
1015 3943 1153 4020 ὁυσαλγὴς
1166 3944 1281 4009 ἔλλοπος
1290 3953 1363 4019 Σαρ-

232 4047 348 4117 δωνικῆς.
389 4045 473 4118 Quod
491 4045 1014 4124 1111111161ωοίτὴντρύγοναάἰουιή,
1033 4047 1081 4104 hic
1099 4039 1263 4122 trygonem
1275 4046 1363 4105 mele·

231 4147 318 4207 ficum
341 4149 473 4226 legimns,
500 4151 543 4208 sic
562 4151 677 4226 antiqui
695 4149 821 4207 Romani
840 4148 944 4208 Graeca
961 4151 1084 4208 nomina
1106 4151 1268 4208 immutare
1287 4150 1364 4209 scle-

231 4252 319 4324 bant,
343 4253 378 4312 cf.
392 4251 539 4324 Castores,
553 4252 705 4324 dracones,
723 4251 835 4324 Ionem,
856 4253 956 4312 omnia
968 4272 985 4311 ο
998 4252 1103 4327 longo,
1129 4272 1196 4329 quse
1210 4253 1300 4312 breve
1312 4252 1362 4311 111·

231 4351 313 4424 bent,
334 4373 469 4426 canones,
494 4357 603 4429 icones,
626 4353 707 4431 apud
717 4354 867 4413 Romanos
891 4357 1060 4431 posteriore
1084 4353 1204 4414 demum
1227 4360 1362 4432 tempore
