2956 5010
448 516 452 541 ,
569 470 601 524 v.
621 473 765 526 ιιι-ιιι,
1168 476 1228 538 573

98 669 189 726 huius
217 669 297 727 vocis
314 665 472 743 'syllabam
500 667 677 745 produxisse
705 667 845 726 Plautum
873 669 905 726 in
932 666 1069 726 Rudente
1097 673 1230 726 testatur

99 771 227 830 Sisenna
257 769 336 846 apud
366 769 463 828 Rufio.
488 790 517 846 p.
548 773 629 830 2711
659 769 707 845 P,
743 790 770 828 r.
795 768 908 828 Ritsch.
937 769 1059 844 Parerg.
1089 791 1119 848 p.
1150 770 1228 842 3753

98 872 152 930 sed
176 875 207 930 in
230 873 282 930 illa
304 872 405 932 fabula
428 893 486 932 vox
516 893 575 932 non
605 879 697 932 extet.
749 873 812 931 Hoc
835 869 900 931 fieri
923 889 981 930 non
1003 893 1090 951 posse
1115 873 1227 932 Ritsch.

99 975 121 1034 l.
144 975 165 1034 l.
189 997 219 1053 p.
244 976 302 1034 381
329 996 374 1052 sq.
398 975 562 1034 arbitratus
586 983 647 1049 est;
671 975 716 1035 1²1.
740 981 870 1052 transp:
894 975 1043 1034 latronum
1066 974 1166 1054 pars“.
1188 1006 1226 1017 -

103 1079 177 1137 548.
211 1071 294 1154 Quid
313 1071 395 1153 feci?
430 1078 515 1136 codd.
540 1083 694 1156 corrupte3
730 1077 811 1156 quod
842 1083 941 1136 autem
970 1084 1043 1136 antt.
1068 1078 1135 1138 edd.
1160 1079 1228 1138 eub-

98 1182 277 1239 stituerunt:
315 1179 451 1254 „THEIa
481 1180 559 1252 Quid
589 1176 727 1240 fecisti?“
760 1199 819 1239 non
847 1183 945 1240 minus
973 1200 1097 1256 pravum
1126 1187 1171 1242 est
1199 1188 1230 1241 et

98 1286 246 1360 ineptum.
285 1281 434 1342 Errarunt
452 1286 547 1358 igitur
570 1286 621 1360 qui
638 1283 707 1342 indo
724 1282 852 1361 profecti
870 1285 1001 1342 numeris
1020 1285 1107 1344 huius
1126 1305 1229 1344 versus

48 1455 52 1464 ,
99 1389 145 1444 ita
168 1391 388 1460 succurrerunt,
411 1392 445 1444 ut
468 1386 596 1446 alterum
619 1382 682 1463 feci
704 1384 839 1444 delerent
862 1383 967 1458 (Weis.
991 1386 1097 1466 Speng.
1122 1387 1229 1448 Luchs.

98 1490 132 1547 in
156 1488 258 1546 Herm.
285 1487 364 1560 VIII,
388 1511 418 1566 p.
445 1486 525 1561 111),
551 1509 729 1566 quamquam
751 1491 848 1548 minus
871 1491 962 1548 etiarn
984 1491 1107 1567 probari
1130 1497 1232 1568 potest

98 1591 223 1650 omissio
240 1593 321 1650 vocis
336 1587 391 1664 tur,
410 1611 498 1669 quam
510 1592 710 1670 protulerunt
721 1590 808 1650 Both.
822 1589 867 1650 Fl.
881 1591 1011 1666 Miller,
1025 1595 1076 1670 qui
1089 1593 1132 1652 Pl.
1145 1594 1229 1654 Pros.

98 1717 131 1773 p.
145 1693 205 1753 701
226 1713 280 1770 sq,
303 1693 359 1752 hoc
381 1694 494 1753 frustra
511 1694 669 1754 defendere
686 1701 811 1753 conatur
829 1673 1070 1754 0011.'Asin.193
1090 1702 1120 1754 et
1138 1695 1229 1756 Mero.

100 1796 175 1856 517.
211 1795 256 1854 tue·
272 1799 474 1856 necessarium
493 1804 547 1870 est,
572 1799 712 1873 quoniam
732 1795 808 1854 nihil
829 1803 882 1868 est,
906 1797 984 1856 unde
1003 1797 1101 1856 audiri
1119 1800 1229 1875 possit,

98 1895 163 1974 feci
182 1904 282 1958 autem
301 1899 460 1958 delendum
478 1899 553 1958 illud
578 1899 699 1976 quidem
723 1904 768 1958 est
792 1919 826 1958 eo
849 1899 923 1972 loco,
948 1919 1007 1976 quo
1031 1902 1146 1959 numeri
1169 1921 1229 1960 non

99 2002 211 2073 ferunt,
234 1999 285 2058 sed
308 2021 369 2061 non
391 2001 581 2074 audiendum,
606 2007 689 2060 extat
713 2003 792 2060 enim
811 2003 842 2060 iu
861 2002 1117 2075 antecedentibus,
1142 2004 1230 2064 modo

99 2104 239 2162 deleatur
250 2105 494 2180 interrogationis
506 2109 635 2179 signum.
667 2104 907 2176 Excidimusne,
927 2123 992 2181 quoe
1005 2106 1096 2164 etiam
1108 2106 1231 2166 Mulleri

99 2207 251 2266 sententia
284 2205 356 2278 fuit,
398 2209 456 2266 nisi
495 2207 582 2266 fallor
620 2213 745 2285 propter
785 2207 956 2264 litterarum
996 2209 1230 2283 similitudinem,

98 2309 299 2386 interrogatio
321 2310 424 2369 militis
448 2317 478 2368 at
500 2313 619 2370 initium
648 2329 763 2382 eorum,
795 2328 860 2386 qum
890 2309 1051 2386 respondet
1075 2311 1165 2387 Lyco.
1188 2341 1231 2354 -

101 2413 174 2472 551.
198 2407 241 2471 ir'e
265 2406 387 2472 tabellis
410 2411 505 2485 codd,
530 2411 611 2489 quod
637 2409 699 2482 ,is“
725 2412 785 2489 legi
806 2417 936 2490 poterat,
960 2418 994 2470 ut
1012 2431 1040 2470 v.
1061 2415 1138 2484 552;
1163 2413 1230 2475 edd.

104 2511 208 2594 „his·“;
231 2514 283 2572 sed
305 2533 470 2592 pronomen
493 2513 652 2574 delendum
675 2534 748 2588 asae,
772 2515 928 2590 responsio
951 2513 1079 2590 Lyconis
1103 2518 1231 2590 evincit3

101 2637 157 2676 nec
175 2617 253 2674 enim
272 2615 458 2676 Curculionis
476 2617 604 2691 tabellis,
628 2617 681 2676 aed
704 2619 824 2677 omuino
841 2617 960 2676 tabellis
983 2619 1030 2676 vei
1049 2619 1234 2698 respublica

100 2720 151 2778 vel
173 2719 299 2778 aliorum
323 2723 447 2797 privetu
471 2739 519 2778 res
542 2727 697 2797 geruntur.
724 2751 760 2760 -
792 2723 863 2780 552.
902 2714 992 2796 Quis,
1021 2723 1041 2780 i.
1066 2741 1091 2779 e.
1115 2722 1231 2797 quibus,

101 2841 193 2900 quum
215 2821 339 2880 formam
357 2821 476 2881 Miiller.
499 2821 623 2882 Nachtr.
640 2844 670 2901 p.
692 2825 731 2881 82
755 2823 868 2881 frustra
890 2843 907 2881 a
929 2823 1038 2882 Plauto
1062 2823 1233 2883 abiudicare

101 2930 238 2984 conatur.
260 2953 303 2964 --
325 2939 389 2982 reon
406 2923 452 2983 Fl.
470 2945 535 2996 em.‚
560 2945 649 3002 quem
671 2931 788 2984 secutus
811 2944 885 2996 sum,
910 2945 1089 3003 quamquam
1113 2925 1232 2985 dubita·

99 3029 216 3086 tiouem
246 3025 375 3102 aliquem
404 3033 504 3084 moret
526 3027 756 3105 Amphitruonis
784 3027 865 3085 locus
888 3028 950 3086 400
974 3047 1018 3102 sq.
1042 3057 1084 3067 —
1114 3023 1144 3087 r's
1168 3027 1232 3088 cod.

99 3130 136 3201 B,
161 3147 188 3188 v.
203 3129 321 3204 Proleg.
333 3148 362 3206 p.
377 3131 448 3188 212.
463 3159 504 3170 —·
523 3131 594 3190 553.
619 3123 694 3189 abeo
718 3135 747 3188 et
769 3123 906 3188 solutast
928 3128 994 3187 edd.
1013 3143 1126 3189 -res
1149 3125 1233 3189 sotu-

101 3232 184 3303 tcst,
214 3251 241 3288 v.
266 3231 438 3292 infretis.
463 3235 536 3292 717,
561 3231 800 3290 adAsin.430.
830 3261 870 3272 —
902 3233 972 3290 554.
1006 3225 1152 3291 ualeam?
1186 3233 1233 3290 ln·

101 3333 313 3411 dignabundus
336 3336 459 3410 querit:
492 3335 587 3407 „Num
610 3335 712 3394 ualere
734 3354 781 3394 me
803 3331 929 3392 iubes?“
968 3333 1047 3409 Lyco
1064 3334 1232 3412 respondet,

101 3438 191 3516 quasi
213 3437 297 3495 miles
319 3437 522 3496 valetudinem
552 3444 729 3516 aspernatus
759 3443 846 3495 esset.
870 3465 913 3476 -
942 3432 972 3494 ei
1004 3429 1088 3495 labet
1116 3435 1233 3495 Cemer.

101 3561 160 3600 em.
183 3570 226 3580 -
249 3537 387 3612 aetatem,
410 3559 437 3599 v.
461 3539 500 3598 ed
522 3541 630 3618 Amph.
658 3541 749 3599 1016.

193 3645 263 3702 555.
286 3637 420 3719 rupibus.
444 3641 667 3720 Expectabatur
687 3637 822 3716 ,regee“.
857 3639 967 3700 Versus
986 3659 1076 3698 cauea
1101 3639 1234 3699 ablativo

101 3765 174 3807 casu
186 3745 310 3804 Plautus
321 3764 392 3804 usus
405 3751 458 3816 est,
477 3751 512 3802 ut
524 3745 757 3822 quum'dicitur:
785 3743 878 3820 „quid
897 3743 951 3802 hoc
967 3743 1086 3802 homine
1098 3743 1189 3800 iacias
1198 3738 1232 3799 ?“

101 3879 146 3890 -
167 3851 238 3908 556.
261 3841 491 3908 ammaricus.
511 3847 689 3920 umbratilis,
713 3849 733 3906 i.
746 3868 771 3906 e.
790 3848 820 3904 iu
838 3845 944 3905 umbra
963 3844 1116 3917 educatus,
1142 3864 1235 3922 oppo-

100 3953 188 4011 nItur
211 3951 335 4008 militari
359 3954 390 4007 et
411 3949 466 4008 sub
490 3948 541 4008 dio
563 3951 664 4008 vivere
688 3955 837 4008 consueto.
883 3947 970 4007 Truc.
992 3949 1068 4006 601:
1097 3945 1233 4017 „umbra-

100 4049 244 4126 tioulua“,
268 4072 338 4124 non,
362 4057 397 4111 ut
418 4052 507 4128 vulgo
531 4053 630 4110 editur
656 4049 902 4118 „umbraticola“.
947 4049 1081 4108 Iuvenal.
1104 4051 1131 4120 7,
1160 4050 1234 4107 105;

105 4175 220 4233 ,genus
242 4159 393 4230 ignavum,
418 4155 499 4231 quod
521 4155 599 4213 lecto
622 4153 734 4231 gaudet
756 4160 787 4212 et
808 4151 946 4212 umbra“.

193 4261 263 4318 557.
292 4257 376 4317 Leno
399 4256 477 4315 redit
501 4258 592 4316 sacris
614 4257 755 4333 peractis.
800 4255 878 4314 Deos
907 4256 963 4314 sibi
992 4255 1141 4331 propitios
1171 4272 1236 4311 esse

102 4369 284 4439 cognoverat
306 4361 345 4434 (v.
372 4356 462 4432 530);
497 4359 566 4416 inde
589 4358 694 4430 effici,
725 4356 791 4416 fieri
813 4377 873 4416 non
895 4377 997 4434 posse,
1029 4362 1063 4414 ut
1086 4356 1143 4414 eibi
1166 4356 1235 4412 irati
