2916 5006
537 498 569 553 V.
590 499 767 555 1200-1213.
1157 506 1219 568 453

180 697 261 756 1209
285 715 349 774 sqq.
373 694 540 772 Septenarii
562 694 708 756 trochaici
730 694 862 754 fabulam
885 693 1056 754 claudentes
1078 696 1110 754 in
1132 695 1218 759 codd.

90 796 234 856 Bacchidi
275 799 507 872 continuantur3
548 796 674 874 Pylades
707 794 817 856 GREX
855 799 1082 876 suprascripsit,
1122 797 1218 858 Ritsh.

89 899 291 974 CATERUA,
314 921 369 960 nos
390 908 434 974 n,
457 899 519 960 vid.
542 899 660 975 Proleg.
683 919 713 978 p.
739 901 809 960 173.
831 928 875 940 -
900 899 991 960 1211.
1023 894 1116 974 „haec
1136 897 1219 979 faue-

88 1017 212 1075 remew,
241 1003 272 1062 in
299 1003 450 1062 theatrum
473 997 725 1082 produceremus“
750 1002 801 1062 Gr.
831 1033 875 1043 -
906 1004 997 1063 1213.
1026 1001 1120 1062 toda.
1146 1021 1220 1079 „uos

89 1105 195 1164 ualere
222 1105 359 1165 uolumus
389 1110 420 1164 et
449 1105 528 1164 clare
557 1101 769 1182 adplaudere“.
830 1104 918 1165 Both.
942 1107 1130 1183 transposuit
1151 1109 1218 1166 aut:

93 1207 251 1280 „uolumus
279 1228 334 1267 uos
356 1209 457 1266 ualere
480 1212 510 1266 et
532 1207 611 1266 clare
635 1205 838 1286 adplaudere“
871 1212 938 1266 aut:
973 1227 1045 1282 „noe
1066 1207 1167 1267 ualere
1189 1211 1220 1266 ct

87 1310 229 1369 uolumus
252 1311 330 1370 clare
353 1307 566 1388 adplauderc“.
607 1309 709 1368 Herm.
733 1315 763 1370 et
784 1309 835 1370 lt:
863 1331 935 1385 „uos
958 1310 1060 1370 ualere
1085 1315 1116 1369 et
1138 1310 1218 1369 clare

86 1413 228 1472 uolumus
250 1409 425 1490 plaudere“.
470 1411 532 1471 Nos
550 1411 786 1472 Fleckeisenium
809 1414 905 1472 secuti
927 1433 1038 1486 eumue,
1061 1432 1116 1472 nec
1138 1413 1218 1472 enim

86 1515 176 1574 nobis
197 1517 348 1594 persuasit
370 1514 509 1594 Spengel.
534 1515 571 1574 ad
591 1515 712 1575 Trucul.
732 1517 760 1589 5,
785 1515 834 1588 76,
859 1510 1049 1591 adplaudere
1070 1516 1132 1575 non
1155 1535 1218 1574 csse

85 1618 279 1690 Plautinum
314 1637 406 1694 quum
441 1619 521 1676 euim
553 1619 680 1696 simplex
709 1619 739 1677 iu
760 1609 873 1695 [novem
901 1617 1063 1678 comoediis
1091 1618 1218 1696 legetur,

90 1718 314 1799 „adplaudere“
340 1725 375 1779 ut
397 1720 426 1780 h.
444 1720 464 1780 1.
487 1721 519 1779 in
541 1719 690 1780 Pseudolo
714 1725 745 1780 et
767 1721 799 1779 in
821 1719 1004 1781 Truculento
1027 1721 1152 1796 legitur3
1187 1721 1218 1780 iu

83 1823 169 1883 Men.
194 1823 218 1881 B
244 1819 427 1900 „pleudite“,
452 1821 474 1882 0
500 1821 711 1902 „adplaudite“
736 1822 836 1882 habet.
