2922 5006
585 557 733 612 Aulularia.
1155 567 1217 626 275

98 755 148 808 est.
182 749 254 821 Quae
278 751 354 809 enim
379 751 468 825 vulgo
486 749 646 828 Panegyris
666 753 844 830 appellatur,
868 754 898 810 in
921 753 1008 812 titulo
1031 760 1128 812 autem
1152 756 1215 814 cod.

97 853 119 909 A
143 852 320 912 Philumena
349 852 471 925 dicitur,
506 873 541 911 ea
569 856 658 913 etiam
680 851 712 913 in
734 855 760 912 A
783 875 809 912 v.
835 856 895 914 248
920 861 949 914 et
972 857 1029 914 331
1055 855 1217 934 Panegyris

96 961 152 1028 est,
186 961 236 1028 ut,
271 957 296 1013 si
320 955 393 1014 illud
413 975 517 1014 verum
546 961 605 1030 est,
640 957 696 1015 iam
728 961 795 1016 ante
822 957 1044 1036 palimpseatnm
1074 961 1215 1038 scriptum

96 1057 253 1117 arbitraria
282 1058 511 1134 interpolatione
541 1058 585 1116 illi
613 1078 715 1118 versus
746 1061 879 1138 corrupti
907 1061 975 1120 sint.
1032 1060 1088 1132 Qui
1116 1065 1215 1120 autem

94 1159 132 1218 ibi
149 1159 347 1238 Panegyridis
369 1181 477 1220 nomen
500 1163 630 1220 retinere
653 1162 734 1234 velit,
758 1163 783 1219 is
802 1163 833 1219 in
849 1163 1004 1221 Aulularia
1025 1169 1123 1222 tamen
1146 1185 1214 1223 con·

94 1261 177 1322 cedat
199 1283 320 1322 necesse
343 1268 388 1320 est
410 1263 532 1322 alterius
556 1267 633 1323 servi
656 1282 763 1322 nomen
786 1264 863 1322 mala
884 1267 1096 1326 retractatione
1119 1273 1214 1324 muta-

92 1370 150 1423 tum
175 1385 251 1426 esse.
297 1365 483 1424 intellexisse
505 1366 561 1425 boo
583 1366 702 1424 videtur
724 1369 863 1444 princeps
886 1367 992 1439 editor,
1016 1371 1068 1444 qui
1091 1368 1214 1445 Lyconi-

92 1468 134 1526 dis
157 1487 277 1526 servum
301 1467 486 1546 Strophilum
510 1469 595 1540 dixit,
619 1487 798 1546 quamquam
821 1489 838 1528 a
860 1488 888 1529 v.
913 1471 973 1530 600
997 1470 1122 1545 demum,
1146 1491 1212 1544 non,

91 1577 123 1628 ut
145 1571 320 1647 oportebat,
355 1591 421 1630 av.
448 1573 517 1632 579.
574 1569 683 1630 Verum
705 1591 812 1630 nomen
841 1571 1031 1648 quarendum
1062 1579 1121 1648 ast,
1156 1593 1214 1633 non

91 1674 230 1732 similium
253 1674 421 1732 litterarum
446 1673 554 1748 solum,
585 1673 636 1732 sed
665 1676 755 1733 etiam
784 1673 914 1732 eiusdem
937 1695 1097 1750 mensuroe3
1131 1675 1213 1735 Stro-

90 1775 184 1852 philus
209 1783 324 1848 autem,
354 1779 379 1834 si
407 1795 546 1852 umquam
569 1796 674 1834 nomen
696 1777 767 1848 fuit,
796 1777 997 1853 penultimam
1020 1777 1139 1836 brevem
1162 1779 1213 1836 ba-

90 1879 185 1935 buerit
209 1897 329 1936 neoesse
357 1889 417 1948 est,
447 1898 537 1954 quum
561 1877 709 1937 Strobilos
738 1881 856 1952 longam
887 1879 1011 1952 lrabeat;
1045 1881 1075 1938 in
1098 1879 1212 1939 Strom·

90 1981 182 2054 bicbo,
206 1983 239 2038 in
258 1979 387 2055 Crobylo
410 1980 544 2057 aliisque,
570 2001 634 2058 quae
658 1983 729 2039 mihi
752 1983 783 2040 in
805 1986 933 2040 mentem
956 1988 1109 2054 venerunt,
1133 1983 1211 2040 idem

88 2083 294 2161 impedimenti
317 2091 370 2140 est.

494 2562 752 2630 Argumentum
773 2561 802 2619 1.

173 2727 198 2782 1.
245 2709 302 2774 uix
324 2709 386 2772 sibi
409 2709 549 2786 medelas,
577 2720 638 2772 tam
662 2717 798 2790 suspicax
822 2723 876 2774 est.
900 2746 942 2756 -
972 2719 999 2776 2.
1045 2715 1119 2774 Post
1143 2731 1211 2774 carc

86 2817 191 2877 hiatus.
234 2816 345 2875 Versus
367 2835 473 2894 parum
492 2815 621 2890 elegans,
645 2815 705 2889 sed,
728 2823 763 2876 ut
780 2819 822 2876 ait
839 2817 946 2876 Luchs.
966 2821 996 2876 in
1014 2817 1209 2876 Studemnndi

87 2919 167 2978 Stud.
191 2920 220 2990 1,
252 2939 282 2996 p.
308 2919 362 2988 24,
392 2920 440 2976 rix
470 2937 568 2996 opera
590 2920 720 2996 pretium
745 2925 790 2978 est
812 2920 890 2978 bunc
912 2925 1094 2998 poetastrum
1118 2923 1208 2977 corri-

86 3043 161 3098 gere.
182 3051 224 3063 -·
244 3023 272 3080 6.
296 3035 413 3080 suasus
436 3020 546 3079 dicitur
568 3026 603 3078 ut
629 3021 773 3093 „iussus“,
797 3043 864 3080 nam
888 3021 956 3081 huic
979 3042 1096 3099 quoque
1119 3022 1209 3080 verbo

86 3127 285 3183 accusativum
310 3122 467 3181 accedente
490 3121 637 3182 infinitivo
660 3122 818 3197 addebant,
843 3145 870 3183 v.
894 3125 1013 3183 Terent.
1038 3123 1108 3183 lieo.
1129 3125 1208 3183 481:

89 3225 188 3297 ,Nunc
212 3247 258 3284 me
281 3229 378 3303 pictos
402 3229 507 3284 matris
525 3226 626 3302 potius
643 3225 830 3284 commodum
848 3227 954 3284 suadet
971 3223 1084 3302 sequi“.
1117 3225 1206 3301 ·Verg.

86 3329 150 3388 AEn.
163 3329 231 3402 XII,
253 3329 325 3388 814.
349 3328 438 3406 Apul.
459 3327 532 3386 Met.
552 3327 585 3400 V,
607 3329 710 3385 11.-
731 3329 758 3387 8.
782 3343 885 3400 secet,
910 3349 936 3388 v.
956 3328 1074 3406 Proleg.
1093 3349 1122 3405 p.
1137 3329 1207 3386 202.

479 3619 738 3687 Argumentum
759 3619 809 3685 11,

520 3757 782 3822 acrostichon.

169 3911 194 3968 l.
231 3909 304 3967 Post
325 3907 476 3983 reperiam
499 3911 530 3967 in
554 3929 666 3968 caesura
689 3917 720 3968 ot
742 3915 812 3988 post
831 3904 957 3985 plenam
978 3909 1087 3968 hiatus.
1115 3939 1150 3949 -
1178 3913 1205 3970 5.

83 4004 267 4089 laudansque
289 4009 325 4070 tlt
345 4004 454 4084 facici,
477 4012 497 4069 i.
517 4031 541 4070 e.
561 4017 595 4069 ut
612 4012 718 4070 Euclio
740 4012 870 4070 libenter
892 4011 948 4069 sibi
970 4009 1061 4069 filiam
1083 4031 1205 4070 uxorem

85 4109 139 4171 det.
161 4127 205 4154 ¹·-
236 4115 263 4172 6.
294 4107 452 4172 abstrudit
480 4113 549 4172 olim
580 4115 779 4174 emendatum.
803 4143 845 4155 —-
874 4113 932 4171 Pro
956 4119 1096 4190 corrupto
1119 4109 1206 4188 fore-a

84 4213 126 4272 ed.
148 4237 193 4292 pr.
218 4213 316 4291 lori&
341 4215 466 4274 Bothius
492 4213 622 4289 „loras“,
646 4223 680 4275 ut
702 4237 730 4274 v.
756 4219 826 4276 569.
872 4215 1018 4298 Equidem
1041 4215 1203 4274 faciliorem

84 4319 199 4391 pretuli
221 4318 471 4392 emendationem,
496 4322 566 4396 quia
588 4321 695 4377 ceteris
717 4318 854 4378 omnibus
877 4320 948 4377 locis
968 4317 1103 4378 morandi
1121 4321 1204 4376 notio

84 4423 205 4493 tenetur,
229 4427 263 4479 uc
282 4421 353 4479 oea.
379 4421 449 4479 671.
475 4399 552 4480 cca:
580 4417 678 4494 „ubi“.
699 4422 769 4480 655.
790 4423 867 4480 coc:
895 4417 989 4492 „haer
1014 4419 1091 4478 aua.
1108 4419 1203 4479 1185:

950 4533 998 4586 rs*
