2932 5010
250 575 311 636 280
733 567 883 622 Aulularia.

249 768 319 826 959.
367 765 462 840 „Illud
491 761 579 822 uide“
610 763 677 823 Ter.
701 763 778 824 Eun.
803 767 873 823 670.
923 765 1006 840 „Hoc
1035 767 1076 823 sis
1103 758 1191 822 nide“
1224 762 1298 823 cias.
1324 765 1368 820 56.

247 870 338 929 Mero.
360 872 428 928 167.
477 867 559 938 ,Hoc
580 865 668 927 uide‘
695 867 779 928 Cure.
801 871 869 928 128.
897 869 965 940 153,
988 873 1118 944 utroque
1140 869 1205 926 loco
1228 873 1370 944 sequente

251 970 331 1046 „ut“.
376 972 468 1031 Stich.
498 975 568 1031 270.
602 971 684 1031 Pers.
711 972 781 1032 786.
816 973 883 1031 Ter.
909 973 1018 1032 Heaut.
1044 974 1114 1030 315.
1158 969 1250 1030 Recte
1283 973 1371 1029 inter·

247 1082 417 1156 punxerunt
439 1077 496 1133 iam
516 1075 643 1152 Seyffert
665 1081 695 1134 et
711 1075 746 1134 Ε.
765 1075 879 1134 Becker
897 1077 927 1134 in
946 1075 1079 1134 Studem.
1098 1073 1182 1134 Stud.
1202 1075 1225 1148 Ι,
1249 1093 1281 1150 p.
1302 1077 1370 1134 291.

246 1211 290 1220 —
301 1181 351 1238 47.
382 1173 423 1240 Ut
443 1175 566 1252 incedit,
591 1199 678 1256 quam
696 1174 797 1238 tarde!
821 1179 912 1256 paulo
929 1183 998 1257 post
1014 1199 1081 1236 cum
1098 1177 1259 1237 uenenis
1277 1177 1370 1256 gradu

244 1286 390 1342 incessum
420 1284 482 1340 eius
507 1287 665 1360 comparat.
719 1281 800 1340 Inest
828 1283 898 1340 talis
921 1281 1004 1341 notio
1028 1283 1057 1340 in
1080 1279 1188 1354 verbo,
1216 1281 1281 1341 vid.
1306 1281 1371 1340 Ter.

245 1386 321 1444 Eun.
336 1387 412 1443 918:
440 1403 554 1456 ,eccum
579 1385 790 1443 Parmenonem
814 1386 950 1444 incedere
973 1384 1084 1457 Uidco;
1106 1384 1177 1442 uide
1199 1389 1235 1443 ut
1257 1387 1372 1444 otiosus

245 1485 301 1547 it“.
346 1487 449 1546 Senec.
474 1487 541 1547 Nat.
565 1488 675 1559 Quest.
700 1487 763 1562 VII,
789 1491 838 1562 31,
864 1491 897 1547 2:
933 1507 1011 1561 ,non
1033 1487 1228 1560 ambulamus,
1252 1488 1308 1546 sed
1331 1491 1372 1545 in·

246 1587 406 1649 cedimus“.
444 1590 529 1668 Verg.
549 1590 617 1650 AEn.
631 1591 654 1664 I,
679 1593 729 1651 46.
753 1591 844 1670 Prop.
864 1591 903 1664 Π,
927 1593 955 1666 2,
982 1593 1009 1650 6.
1054 1589 1098 1649 De
1120 1590 1264 1668 prosodia
1288 1592 1371 1652 verbi

245 1693 305 1752 vid.
319 1692 434 1768 Proleg.
447 1713 477 1771 p.
492 1695 568 1768 2033
592 1693 628 1752 de
645 1695 733 1754 modo
749 1695 810 1755 vid.
829 1695 867 1754 ad
884 1694 991 1772 Amph.
1004 1715 1032 1752 v.
1049 1695 1095 1753 17.
1119 1723 1162 1734 ·-
1185 1695 1235 1754 48,
1259 1689 1370 1767 berle,

69 1827 77 1835 -
162 1857 168 1882 ἢ
246 1796 326 1873 quod
354 1798 384 1854 in
418 1796 442 1854 B
471 1796 621 1856 exciderat
648 1817 795 1875 manuque
829 1799 945 1857 demum
976 1795 1106 1857 secunda
1134 1801 1372 1876 suprascriptum

246 1905 300 1971 est,
325 1903 409 1958 extat
431 1901 461 1956 in
484 1899 521 1973 Ι),
550 1921 604 1958 nec
633 1900 766 1960 dubitari
795 1907 907 1978 potest,
938 1901 1010 1978 quin
1032 1919 1134 1970 verum
1157 1901 1211 1974 sit;
1245 1899 1284 1958 de
1309 1901 1372 1958 loco

248 2001 424 2060 dubitarunt
445 2003 503 2060 viri
526 2002 621 2076 docti,
651 2009 682 2060 et
704 2003 809 2078 Wagn.
834 2003 918 2063 Muli.
942 2003 1027 2064 Stud.
1054 2003 1103 2078 ,si
1132 2003 1232 2061 hercle
1260 1997 1370 2061 hodie“

245 2105 335 2164 scribi
357 2105 540 2178 meluerunt3
569 2125 636 2164 nam
659 2109 685 2165 si
707 2107 896 2166 asseverandi
918 2127 990 2180 vox,
1015 2127 1080 2184 que
1103 2108 1224 2184 proprie
1249 2106 1290 2164 ed
1313 2106 1372 2183 prl-

245 2210 369 2267 mnriam
393 2211 573 2266 sententiam
596 2213 744 2286 pertinet,
775 2209 973 2283 secundarie,
998 2229 1064 2288 quae
1087 2207 1252 2282 antecedit,
1277 2213 1373 2268 inter·

245 2316 381 2389 ponitur,
410 2311 647 2371 coniunctionem
675 2309 736 2386 ,‚si“
766 2316 901 2390 proxime
930 2314 1015 2389 sequi
1037 2313 1126 2386 solet,
1161 2311 1197 2370 ci.
1224 2315 1273 2372 56.
1301 2311 1371 2370 242.

246 2415 336 2493 Epid.
363 2418 431 2474 ll7.
456 2415 546 2474 Most.
572 2419 642 2476 224.
667 2420 737 2476 899.
762 2417 825 2475 Mil.
853 2419 922 2476 156,
945 2416 1053 2475 Pseud.
1079 2417 1149 2474 632.
1174 2415 1251 2474 Ruti.
1280 2417 1371 2474 1361.

247 2517 340 2577 Stich.
359 2519 430 2576 610.
454 2518 536 2577 Trin.
557 2520 635 2592 457;
669 2523 740 2578 item
766 2521 808 2591 ,ai
832 2517 964 2578 ecastor“
989 2520 1071 2578 Asin.
1095 2521 1164 2578 187.
1188 2519 1276 2577 Teuc.
1299 2520 1370 2577 314.

246 2651 290 2662 -·
311 2619 362 2678 49.
384 2617 539 2696 prandebo
561 2626 641 2680 recte
663 2621 776 2680 Nonius
798 2643 827 2699 p.
855 2625 928 2681 115:
969 2621 1135 2696 ,Grandine
1158 2626 1205 2680 est
1227 2622 1372 2696 grandem

247 2725 352 2782 facere.
397 2724 494 2784 Varro
525 2725 636 2783 Rerum
658 2725 825 2788 divinarum
847 2727 899 2785 lib.
919 2727 946 2783 I:
973 2745 1057 2800 „cum
1081 2731 1133 2785 aut
1155 2725 1262 2782 humus
1286 2727 1373 2784 semi·

246 2829 312 2885 nari
335 2831 466 2905 incipere
490 2848 550 2886 non
571 2831 669 2905 possit
691 2835 744 2889 aut
766 2835 887 2908 recepta
909 2849 969 2887 non
990 2827 1098 2886 reddat
1117 2832 1169 2886 aut
1186 2827 1268 2886 edita
1286 2847 1373 2902 gran·

246 2931 310 2988 dire
333 2927 493 3007 nequeat“.
518 2931 626 2990 Pecus.
651 2928 691 3005 (v.
715 2925 819 3009 142)“.
850 2931 995 3008 GiEpid.
1012 2933 1066 2990 14:
1094 2935 1146 3007 „ut
1168 2935 1202 2991 tu
1225 2933 1251 2990 is
1273 2931 1374 3009 gradi-

246 3033 301 3093 bus
323 3029 519 3109 grandibus!“
562 3035 681 3096 Trucul.
707 3037 783 3094 285:
819 3035 927 3105 „Abire
950 3035 1018 3093 hinc
1041 3036 1072 3093 ni
1095 3055 1243 3113 properas
1265 3035 1372 3112 grandi

246 3135 372 3212 gredu“.
413 3137 485 3197 cist.
506 3141 581 3197 311:
610 3139 751 3212 „nimium
769 3139 794 3196 is
812 3139 955 3212 vegrandi
972 3133 1098 3212 gradu“.
1140 3137 1249 3196 Pacuv.
1267 3159 1296 3197 v.
1317 3141 1373 3196 37:

251 3241 438 3318 „pregrandi
461 3238 587 3317 gradu“.

334 3347 382 3404 50.
420 3341 584 3420 „adaxint
613 3343 753 3423 adigant“
780 3345 894 3404 Nonius
916 3365 945 3422 p.
971 3348 1010 3403 75
1034 3344 1062 3402 h.
1086 3363 1113 3402 v.
1139 3343 1246 3414 allat03
1286 3343 1372 3416 „ade

246 3445 362 3521 getint“
393 3447 474 3506 Fest.
497 3449 577 3524 Epit.
602 3469 630 3526 p.
657 3451 711 3521 28,
741 3448 777 3507 ci.
800 3468 829 3524 p.
855 3450 882 3506 3.
941 3447 1085 3524 Staphyla
1112 3451 1213 3523 optat,
1250 3452 1285 3504 ut
1317 3446 1372 3505 sibi

247 3551 289 3608 dii
312 3570 376 3608 eum
400 3553 530 3610 animum
554 3551 633 3625 dent,
668 3557 702 3610 ut
725 3551 885 3627 suspendio
908 3555 1001 3611 vitam
1023 3550 1120 3622 finiat,
1151 3549 1185 3608 ci.
1210 3569 1238 3608 v.
1264 3551 1303 3606 77
1329 3569 1372 3626 sq.

245 3684 289 3693 —
313 3655 362 3712 53.
385 3649 549 3728 colludium,
573 3657 743 3732 antiquiore
766 3654 916 3713 scribendi
933 3656 1049 3738 ratione
1073 3651 1154 3728 (nam
1172 3653 1259 3712 codd.
1284 3653 1372 3724 ,effo-

247 3753 360 3826 diam“)
381 3756 495 3815 Nonius
514 3777 543 3834 p.
563 3759 634 3818 360.
658 3787 700 3800 -
726 3761 774 3817 55.
798 3754 889 3817 etium
910 3773 1002 3826 nunc,
1026 3753 1134 3830 eiiam,
1157 3757 1284 3816 ulterius
1306 3777 1371 3815 eom

247 3859 406 3918 abscedere
434 3859 531 3933 iubet,
566 3862 602 3919 cf.
625 3861 705 3920 Men.
734 3863 791 3920 157
816 3881 859 3938 sq.
910 3861 969 3920 Sed
996 3880 1099 3920 versus
1127 3866 1272 3936 quattuor
1299 3865 1371 3919 iam·

246 3964 351 4022 borum
370 3968 424 4022 est.
460 3961 596 4022 Defectui
619 3963 669 4022 alii
687 3965 776 4022 aliter
795 3985 966 4023 succurrere
984 3964 1083 4022 conati
1099 3969 1178 4022 sunt.
1213 3963 1248 4022 ln
1266 3964 1371 4021 ceteris

247 4066 332 4125 codd.
351 4071 530 4142 repetuntur
547 4065 639 4124 verba
661 4069 769 4140 „etiarn
787 4065 895 4140 nunc“,
919 4067 997 4125 unde
1014 4065 1146 4140 Botbius,
1171 4086 1263 4144 quum
1280 4068 1369 4124 etium

246 4189 324 4228 nunc
346 4168 461 4244 syllaba
483 4169 615 4228 deesset:
653 4170 806 4244 „Abscede
829 4171 919 4228 etiarn
943 4169 1034 4227 nunc!
1063 4171 1154 4227 etiam
1182 4171 1273 4228 nnnc!
1315 4168 1369 4227 ST.

246 4271 408 4333 Etiamne?
442 4272 505 4333 EU.
537 4269 631 4331 01&st
676 4272 769 4332 Koch.
799 4277 829 4332 in
858 4273 964 4333 Annei.
988 4272 1093 4349 philol.
1117 4272 1212 4348 CVII,
1241 4293 1269 4349 p.
1293 4273 1369 4332 838:

251 4375 404 4448 „abscede
423 4377 511 4436 etiam
529 4397 616 4449 nunc,
641 4379 731 4436 etiam
754 4397 840 4436 nunc.
876 4376 938 4436 Ohe
963 4372 1023 4450 [sat
1043 4371 1135 4449 est]“.
1169 4375 1239 4434 Alia
1259 4373 1369 4432 ibidem

246 4475 428 4537 Fleckeisen.
458 4509 499 4522 -η
530 4481 578 4538 56.
616 4479 717 4541 usluto
752 4479 822 4539 olim
853 4477 1048 4538 emendatum.
1078 4509 1121 4518 -
1151 4479 1201 4537 57.
1240 4472 1367 4554 digitium
