2928 5010
86 489 204 561 Prologus
570 489 688 562 captiui.
1129 495 1189 558 149

84 678 215 746 Profecto
238 678 392 764 expediet
413 678 545 746 fabulae
567 679 644 746 huic
666 700 802 766 operam
825 680 919 762 dore;

84 787 143 853 ll'on
163 793 365 873 pertrectato
387 785 511 853 factost
532 810 638 872 neque
660 790 740 854 item
761 795 800 854 ut
821 795 959 870 ceterae,
1157 805 1192 859 55

82 895 180 979 leque
202 895 382 981 spurcidici
404 897 516 961 insunt
539 917 654 962 uersus
677 895 953 964 inmemorabiles.

82 1003 133 1068 Hic
152 1024 256 1088 neque
278 1005 430 1088 periurus
452 1003 561 1070 lenost
584 1027 642 1070 neo
664 1007 822 1071 meretrix
843 1006 931 1072 mula

81 1110 181 1197 Neque
203 1111 298 1178 miles
321 1113 492 1195 gloriosus.
537 1113 586 1178 Ne
608 1115 799 1193 uereomini,

82 1219 155 1296 Quia
175 1220 297 1287 bellum
321 1220 445 1287 Aetolis
469 1242 540 1287 esse
564 1221 631 1286 dixi
653 1243 727 1287 oum
749 1221 856 1303 Aleis3

81 1327 163 1394 Foris
184 1329 251 1394 illio
275 1336 369 1396 extre
390 1350 523 1396 scenam
545 1329 625 1424 fient
647 1331 783 1416 proelio.

80 1435 152 1501 Nam
170 1436 232 1504 hoc
256 1457 361 1520 poene
383 1439 572 1522 iniquomst‚
596 1441 718 1504 comico
741 1438 897 1522 choragio

81 1543 189 1611 Conari
211 1546 364 1612 desubito
388 1568 485 1630 egere
507 1568 567 1612 nos
591 1547 806 1630 tragoediam.

79 1652 167 1720 Proin
189 1655 215 1720 si
239 1655 312 1739 quis
334 1675 479 1740 pugnem
501 1660 664 1739 expectet,
687 1654 755 1721 litis
778 1653 969 1737 contraham

80 1760 293 1828 Ualentiorcm
315 1769 456 1829 nanctus
480 1763 705 1829 aduorsorium

80 1869 109 1934 Si
130 1872 197 1950 erit,
220 1893 279 1956 ego
302 1869 434 1951 focium,
457 1877 494 1937 ut
516 1891 660 1956 pugnem
682 1874 843 1957 inspectet
864 1891 929 1938 non
951 1870 1081 1950 bonam,
1160 1887 1194 1940 65

77 1978 161 2044 Adeo
182 1985 218 2045 ut
242 1985 393 2065 spectare
416 1985 534 2064 posteo
556 1981 661 2046 omnis
684 1980 801 2047 oderit.

77 2086 170 2152 Abeo.
215 2087 341 2168 Uelete,
363 2085 489 2154 iudices
512 2088 693 2154 iustissumi

77 2193 166 2260 Domi
188 2195 353 2279 duellique
377 2195 578 2262 duellatores
600 2197 735 2280 optumi.

76 2535 106 2588 68
139 2451 330 2590 tllffigloriosuo
344 2451 607 2508 esseueuereomini
658 2453 692 2508 59
710 2448 1022 2508 eetoliedixcumolidis
1074 2451 1109 2503 60
1125 2447 1195 2502 finnt

123 2537 157 2590 be
180 2537 241 2606 'que
