2932 5010
548 533 580 588 v.
600 535 743 588 cao-om
1144 539 1204 600 335

80 731 236 790 Excidiesa
264 731 378 808 aliquid
405 731 521 789 numeri
549 730 726 790 ostendunt:
761 729 853 787 Weim
880 727 990 800 „Immo
1013 727 1117 788 Euclio
1149 735 1202 790 est.

80 833 142 896 EU.
165 829 246 893 Est?
277 833 346 892 ME.
370 831 411 890 Et
433 832 462 891 d.
482 830 521 892 f.“
556 831 721 893 Francken.
747 833 925 892 modestius:
953 837 1003 906 ,et
1025 833 1152 908 amplius
1175 831 1205 890 di

80 934 224 996 luciant“.
271 936 330 996 Sed
353 930 455 996 Immo
477 934 532 1010 ost,
556 937 581 994 si
603 935 677 994 nihil
694 935 825 1009 additur,
849 935 886 994 ab
904 935 1030 994 excultis
1047 935 1205 1009 Megadori

80 1041 212 1098 moribus
237 1039 385 1098 abhorret.
427 1037 568 1098 Forsitan
591 1039 715 1098 dixerit:
742 1039 853 1112 ,Immo
875 1045 930 1112 est,
954 1037 1034 1115 qnod
1056 1039 1127 1096 satis
1150 1043 1204 1112 est,

81 1148 109 1200 et
130 1144 162 1200 di
185 1139 265 1200 etc.“
313 1139 391 1200 Olim
413 1141 474 1198 tale
497 1141 570 1217 quid
593 1143 780 1219 suspicabar:
819 1141 929 1214 ,Immo
952 1141 976 1198 si
1000 1141 1098 1198 animo
1120 1160 1205 1218 aequo

81 1246 128 1316 sis,
153 1243 185 1302 di
208 1245 322 1302 iaciant
343 1249 379 1303 nt
401 1239 489 1316 siot“,
513 1243 549 1303 cf.
565 1245 634 1304 loo.
669 1243 703 1302 In
725 1245 861 1322 proximo
883 1261 972 1302 versu
993 1263 1058 1301 cum
1077 1243 1205 1304 Mltllero

82 1341 136 1406 titi
146 1346 332 1418 addiderim
346 1344 485 1421 Wagner.
497 1346 589 1404 male:
606 1344 748 1418 „istuca“.
764 1377 800 1388 ·-
814 1343 974 1422 sopitat,
988 1345 1025 1404 cf.
1037 1346 1121 1405 Asin.
1134 1349 1204 1407 676.

80 1480 119 1490 -
140 1451 212 1509 540.
237 1444 303 1520 hoo,
322 1469 434 1522 aarum,
453 1448 642 1525 qnodsecum
661 1449 760 1523 hahet,
778 1470 805 1509 v.
819 1451 946 1508 441.-
959 1449 1029 1508 541.
1053 1449 1205 1524 eseooto,

80 1555 98 1611 i.
116 1573 141 1611 e.
161 1552 295 1623 consilio,
320 1555 405 1623 cretu,
429 1569 563 1608 sermone
580 1557 695 1626 nostro,
720 1554 860 1630 quoniam
877 1551 1084 1610 antecedentia
1100 1551 1206 1613 Euclio

82 1645 202 1712 aversus
226 1673 325 1712 secum
348 1654 466 1713 locutus
490 1658 551 1726 est3
576 1653 612 1713 cf.
632 1653 721 1732 Epid.
739 1655 807 1714 160.
835 1653 916 1728 „Iam
939 1659 1076 1712 senatum
1099 1673 1207 1714 conuo·
1277 1639 1281 1645 ⁸

81 1758 150 1816 cabo
174 1759 206 1814 in
231 1757 320 1816 corde
343 1752 574 1815 consiliarinm“.
609 1755 699 1817 Most.
726 1759 822 1817 1032:
850 1761 902 1829 ,nt
925 1761 1061 1815 senatum
1084 1775 1206 1832 conger·

82 1879 184 1917 ronum
216 1856 406 1918 conuocern“.
451 1858 515 1918 Mil.
541 1861 615 1918 593:
655 1861 763 1931 „redeo
792 1862 979 1917 incenatum
1009 1856 1141 1917 rursus“.
1167 1889 1205 1900 -

84 1963 151 2021 542.
174 1963 213 2021 ot
237 1962 266 2021 le
288 1961 477 2039 transposuit
499 1960 652 2020 Acidalius
674 1981 777 2021 versus
801 1981 897 2034 cansa,
921 1981 974 2020 nec
990 1961 1126 2038 pluribus
1144 1981 1207 2018 mu·

80 2066 149 2122 tatis
167 2083 246 2142 opus
262 2069 317 2122 ost.
345 2063 485 2138 Wagner.
505 2083 540 2121 ex
557 2063 650 2124 Brixii
663 2066 754 2122 coni:
782 2063 920 2142 ,Polego
940 2069 970 2121 te
987 2069 1022 2121 ut
1039 2082 1207 2121 accusarem

83 2163 289 2238 meditabar“;
313 2165 365 2224 sed
386 2185 442 2224 nec
464 2161 573 2225 merito
596 2167 694 2225 omitti
717 2165 814 2240 debet,
838 2167 926 2224 modo
948 2185 1015 2224 anm
1037 2165 1206 2240 accusandi,

81 2289 139 2327 non
167 2289 235 2328 cnm
263 2267 428 2327 meditandi
455 2267 547 2326 verbo
574 2269 731 2343 iungatur,
766 2289 820 2328 neo
846 2273 1013 2346 temporum
1037 2270 1207 2326 consecutio

82 2373 175 2430 minus
198 2377 339 2431 accurata
362 2369 441 2445 apud
464 2369 602 2428 Plautum
626 2369 758 2443 offendit,
781 2371 842 2430 vid.
861 2371 898 2428 ad
916 2369 1022 2446 Amph.
1045 2371 1113 2427 192.
1138 2369 1206 2428 add.

82 2473 185 2533 Bacch.
202 2475 263 2532 350
277 2477 307 2530 et
320 2474 390 2530 531.
405 2501 442 2512 -
465 2473 534 2532 544.
558 2469 635 2533 miti
656 2475 701 2532 hie
723 2475 864 2552 positum,
887 2472 947 2530 vid.
960 2471 997 2530 ad
1014 2471 1121 2547 Amph.
1137 2473 1208 2532 532.

82 2575 172 2634 Koch.
196 2579 229 2634 in
252 2576 329 2634 Anu.
353 2575 427 2652 phil.
452 2573 539 2648 CVII,
562 2597 592 2652 p.
618 2578 676 2635 841
706 2573 814 2648 „meis“
841 2573 1053 2634 substituebat.
1072 2605 1116 2615 —
1136 2576 1206 2634 545.

82 2672 157 2736 milri
178 2678 229 2735 vel
251 2678 291 2733 mi
314 2697 379 2735 cum
402 2679 539 2755 proximo
560 2697 623 2737 voc.
648 2679 796 2751 coalescit,
819 2683 854 2737 ut
875 2699 902 2738 v.
929 2679 999 2738 550.
1037 2673 1208 2736 intromisit

84 2779 245 2851 Acidalins,
267 2774 302 2837 ira
320 2775 407 2839 aedis
424 2781 495 2838 olim
515 2781 714 2854 emendatum,
739 2782 775 2840 of.
788 2779 827 2839 ad
838 2779 947 2858 Amph.
962 2781 1053 2839 1064.
1066 2810 1109 2820 -
1120 2775 1207 2856 quio·

83 2882 187 2956 potatos
203 2881 328 2940 Plautus
346 2887 381 2940 ut
403 2888 557 2942 sexcentos
578 2903 634 2961 pro
658 2886 764 2960 quovis
786 2902 892 2960 magno
915 2902 1038 2940 numero
1060 2885 1155 2958 ponit,
1178 2903 1206 2941 v.

85 2983 166 3042 Cure.
182 2985 254 3043 587.
288 2983 416 3042 111152.
440 3015 482 3025 -
507 2985 566 3045 546
585 3005 651 3064 sqq.
686 2979 888 3062 Geryonaceo
912 2985 984 3043 olim
1007 2985 1206 3044 emendatum.

85 3083 126 3143 De
138 3085 277 3163 Geryone
297 3087 423 3162 triplicis
436 3090 569 3164 corporis
581 3094 715 3147 monstro
727 3087 827 3146 sabula
840 3088 912 3144 satis
929 3092 1016 3158 notn;
1040 3105 1093 3144 nac
1110 3092 1206 3146 minua

86 3187 119 3245 de
134 3185 235 3266 Ανρο,
259 3195 376 3247 centum
394 3191 488 3249 oculis
506 3194 663 3263 instructo,
687 3191 739 3266 qui
761 3189 833 3247 alibi
849 3184 1021 3260 „oculatus“
1037 3188 1154 3260 dicitur,
1178 3209 1206 3248 v.

86 3289 163 3350 Fert.
187 3313 218 3370 p.
246 3292 320 3364 178,
349 3291 421 3350 h.·l.
447 3287 587 3366 odoleno,
616 3311 643 3351 r.
667 3291 747 3351 Feat.
770 3289 852 3368 Epit.
875 3311 905 3368 p.
930 3291 980 3350 28.
1020 3289 1108 3366 Apul.
1132 3289 1206 3350 Met.

85 3392 121 3465 ll,
145 3395 201 3453 23:
238 3394 404 3467 „hominem
426 3395 598 3467 insomnem,
623 3401 703 3453 certe
726 3394 977 3472 perspicaciorem
999 3395 1066 3469 ipso
1088 3391 1207 3466 Lynceo

85 3496 129 3554 vel
160 3498 243 3574 Argo
277 3499 307 3554 et
334 3495 471 3554 oculeum
497 3495 625 3556 totnm“.
681 3497 850 3555 Priscianus
873 3495 922 3570 VI,
952 3497 986 3567 4,
1020 3495 1057 3554 18
1085 3499 1209 3571 propter

87 3597 206 3658 formam
229 3593 302 3658 Ioni
322 3603 482 3675 utrumque
510 3619 627 3658 vamum
657 3597 758 3673 affert,
792 3599 907 3658 Nonius
935 3617 964 3673 p.
989 3597 1049 3656 487
1074 3595 1206 3655 alteram.

87 3698 127 3759 Cf.
149 3703 232 3761 Accii
254 3721 282 3760 v.
308 3701 385 3760 387:
429 3699 606 3773 ,Custodem
634 3702 787 3761 assiduum
814 3701 880 3760 Ioni
902 3699 1043 3778 adposuit
1064 3695 1207 3774 uirgini“.

88 3799 181 3862 Etiam
211 3803 332 3862 Servius
361 3803 400 3860 ad
426 3803 515 3880 Verg.
538 3805 608 3864 AEn.
634 3805 682 3879 vl,
714 3807 754 3864 90
784 3800 941 3877 („Teucris
969 3801 1071 3861 addita
1097 3797 1206 3874 Iuno“)

88 3909 218 3963 nostrum
240 3904 337 3964 locum
361 3905 447 3964 affert
469 3911 499 3964 et
521 3907 659 3984 explicat.
683 3937 726 3948 —·
751 3907 820 3966 549.
850 3899 885 3964 Is
907 3905 1010 3964 abesse
1033 3906 1141 3981 potuit,
1171 3903 1207 3963 cf.

89 4003 189 4067 Bacch.
216 4009 306 4066 1075.
333 4009 424 4067 1121.
469 4007 537 4067 Ter.
561 4009 637 4068 Eun.
665 4011 717 4068 16:
746 4028 800 4082 „ne
822 4007 985 4066 frustretur
1006 4009 1071 4083 ipse
1094 4026 1124 4064 sa
1145 4050 1207 4079 ...‚

91 4107 113 4163 is
134 4129 171 4167 ne
194 4115 283 4182 erret,
312 4109 447 4170 moneo“.
501 4111 544 4171 of.
569 4113 659 4170 etiam
688 4112 726 4170 ad
755 4111 839 4170 Asin.
871 4112 941 4170 523.
974 4139 1018 4149 -
1043 4109 1209 4184 praeterea

92 4213 176 4270 ceteri
198 4213 282 4272 codd.
305 4241 349 4254 -
373 4208 569 4288 ,‚tt'bioinom“
596 4215 694 4289 inquit
720 4218 799 4286 „tam
821 4217 962 4285 cinosam,
991 4217 1026 4270 ut
1053 4211 1101 4269 vel
1123 4210 1208 4268 uber·

92 4311 190 4374 umam
212 4315 296 4374 illam
317 4315 525 4374 Acrocorinthi
547 4316 671 4387 fontem,
700 4313 840 4387 Pirenen,
869 4317 894 4372 si
916 4317 986 4373 vino
1008 4313 1123 4385 fluerat,
1148 4313 1210 4370 sola

94 4412 206 4475 ebihere
223 4414 353 4496 posset“,
378 4419 435 4491 vel,
459 4439 497 4476 na
513 4413 590 4476 mihi
606 4419 791 4476 omittamus:
820 4435 903 4495 „quae
922 4414 995 4474 mihi
1013 4417 1074 4474 vini
1093 4435 1208 4474 omnem
