2922 5006
100 508 303 578 11‚1‚ao-a,4
599 509 735 566 Curculio

554 699 774 786 Cappadox

99 809 240 876 Facilest
263 809 418 874 miserum
440 809 593 874 inridere.

553 939 773 1006 Palinurus

617 1046 701 1125 Quin
725 1053 761 1113 tu
784 1047 912 1132 aliquot
934 1047 1018 1132 dies
1176 1071 1228 1124 240
1288 1097 1290 1100 -

97 1156 255 1236 Pordura,
280 1157 357 1222 dum
379 1157 538 1222 intestina
561 1163 778 1240 exputescunt
800 1157 862 1222 tibi
883 1192 926 1202 -

96 1265 191 1330 Nunc
216 1266 302 1332 anim
325 1265 454 1330 salsura
477 1275 528 1330 sat
550 1265 672 1330 bonast
694 1288 752 1344 -3
777 1265 804 1330 si
827 1266 860 1330 id
881 1265 1008 1348 feceris,

100 1373 220 1440 Ueniro
244 1375 370 1458 poteris
393 1375 560 1440 intestinis
582 1373 691 1438 uilius.

555 1519 775 1606 Cappadox

96 1630 177 1697 Lien
202 1629 389 1696 dierectust.

501 1793 503 1798 v
552 1759 773 1827 Palinurus

434 1869 593 1950 Ambula3
617 1869 649 1934 id
673 1869 753 1934 lieni
776 1875 987 1954 optumumst.

554 2021 775 2107 Cappadox

94 2131 207 2212 Anser,
234 2153 366 2217 quaeso,
390 2131 455 2197 ista
478 2137 579 2216 atque
602 2131 671 2197 hoo.
687 2131 861 2216 responde,
885 2131 972 2214 quod
994 2153 1090 2216 rogo:
1178 2152 1229 2206 245

95 2240 194 2307 Potin
220 2242 445 2306 coniecturam
468 2237 586 2319 facere,
609 2240 636 2304 si
658 2260 790 2304 narrem
813 2239 883 2320 tibi,

95 2349 166 2416 Hae
190 2357 288 2416 noete
312 2347 402 2432 quod
425 2368 485 2430 ego
508 2349 671 2414 somniaui
696 2348 883 2414 dormiens?

553 2501 775 2568 Palinurus

98 2611 181 2694 Uah,
208 2611 299 2678 solus
322 2611 377 2677 hio
398 2611 539 2690 homost,
564 2611 620 2696 qui
643 2612 727 2677 sciat
750 2611 919 2677 diuinitus.

98 2719 184 2799 Quin
210 2721 418 2786 coniectores
441 2741 462 2784 a
484 2741 535 2785 me
559 2719 733 2786 eonsilium
754 2727 887 2805 petunt;

97 2829 194 2908 Quod
219 2831 266 2895 eis
288 2827 454 2913 respondi,
478 2849 518 2894 ea
540 2848 652 2894 omnes
675 2833 766 2894 stant
789 2830 961 2895 sententia.
1177 2847 1229 2901 aso

383 3213 562 3294 COQUOS.
607 3214 781 3282 SERUOS.
825 3214 951 3282 LENO.

584 3368 636 3436 Co
671 3391 742 3435 uos

96 3477 265 3559 Palinure,
288 3478 367 3562 quid
391 3479 480 3544 stas?
527 3477 613 3556 Quin
636 3391 874 3563 depromuntur
896 3477 986 3558 mihi,

99 3585 192 3666 Quae
216 3608 299 3672 opus
324 3593 409 3666 sunt,
432 3589 580 3670 parasito
604 3593 642 3652 ut
664 3587 708 3652 sit
730 3593 883 3671 paratum
906 3586 1090 3672 prandium,

99 3695 208 3773 Quom
230 3695 367 3760 ueniat?

555 3825 777 3892 Palinurus

403 3933 501 4000 Mane
523 3935 578 4016 sis,
603 3935 680 4001 dum
702 3934 781 4001 huia
804 3935 929 4002 oonioio
953 3935 1122 4000 somnium.

585 4064 636 4130 Co
672 4086 744 4132 uos

100 4172 185 4240 Tuto
208 4175 288 4258 ipse,
314 4174 341 4238 si
365 4173 444 4255 quid
467 4086 712 4252 somniastiqad
735 4193 787 4239 me
809 4171 923 4239 refers.

102 4334 330 4344 —--——-.·——-——-

176 4407 226 4460 242
243 4403 323 4460 Nuno
343 4405 409 4460 dum
428 4405 532 4460 salsura
578 4407 629 4459 244
647 4405 799 4462 dioruotus.
854 4406 904 4459 245
921 4403 1009 4460 Aufer
1026 4404 1113 4460 istaec
1129 4419 1231 4473 quasso
