2956 5010
550 523 584 578 v.
602 525 746 578 ess-cco.
1134 487 1212 590 '555

83 717 175 777 Stich.
189 717 261 776 237.
281 718 358 790 3873
381 717 433 775 sed
452 716 579 776 eundem
595 715 748 778 nutricem
766 737 848 778 suam
866 719 1008 795 appellet,
1033 719 1123 779 oredo
1142 721 1213 797 quia

82 821 179 879 multa
195 819 338 896 patiendo
357 825 388 878 et
410 822 495 897 quusi
507 819 661 879 Herculeis
678 820 833 880 laboribus
851 823 964 880 victum
982 821 1039 880 sibi
1053 827 1209 898 quereret.

82 923 162 981 Ante
185 919 380 996 „Herculem“
405 922 513 995 hiatus,
538 923 575 980 cf.
588 922 668 982 Prol.
681 944 710 1001 p.
725 925 797 982 220.
830 921 877 981 Fl.
905 943 1016 994 „meam
1038 919 1127 980 mihi“
1154 923 1211 996 ed,

81 1025 202 1084 Mssiler.
221 1029 274 1082 aut
295 1043 406 1096 „meam
426 1022 552 1083 almam“
575 1030 629 1082 aut
650 1021 876 1098 „nutriculsm“.
891 1053 933 1066 -·
952 1027 1023 1086 359.
1047 1021 1213 1086 basilicum

81 1133 152 1186 cett.
178 1125 263 1185 codd.
288 1125 427 1204 Optimus
449 1128 545 1185 166666
567 1125 770 1202 significatur,
804 1129 867 1185 sive
898 1133 995 1186 certus
1018 1128 1127 1204 aliquis
1149 1128 1212 1186 sive

82 1232 205 1290 omnino
229 1231 376 1306 egregius,
399 1235 434 1287 ut
456 1227 546 1306 Epid.
572 1231 627 1287 57:
655 1231 775 1302 „interii
797 1227 949 1303 basilice“,
973 1229 1009 1290 of.
1029 1229 1119 1290 Poen.
1140 1231 1210 1290 630.

80 1333 164 1391 Pers.
185 1333 258 1390 463.
278 1333 349 1390 803.
361 1361 405 1371 -
423 1333 493 1391 362.
519 1324 649 1408 1369661
664 1346 712 1389 me
734 1351 789 1409 pro
808 1337 959 1410 anapaesto
978 1339 1033 1406 oet,
1052 1353 1080 1392 v.
1093 1333 1210 1409 Proleg.

80 1457 110 1513 p.
137 1437 215 1506 203,
247 1433 365 1491 muller.
389 1453 419 1510 p.
447 1435 516 1493 137.
569 1433 658 1493 Both.
682 1433 727 1493 Fl.
755 1433 917 1511 „Rogitant
938 1432 1047 1508 serui“,
1077 1433 1130 1492 666
1156 1437 1211 1494 ite·

81 1538 175 1596 rativi
186 1536 269 1594 nulla
281 1537 359 1593 ratio
377 1541 431 1594 est.
444 1564 487 1574 —
505 1549 565 1612 quo
584 1532 688 1594 saturi
705 1531 812 1609 661661,
832 1538 994 1611 66136666,
1016 1543 1051 1595 66
1062 1537 1210 1615 Theophr.

79 1639 171 1698 Cher.
193 1639 240 1696 14.
262 1665 298 1676 -
326 1639 395 1696 363.
420 1633 533 1697 effnde
554 1633 637 1711 ilice,
667 1637 805 1696 Plautina
823 1639 1015 1712 abundantia,
1039 1639 1210 1698 666661.

80 1743 153 1801 256.
174 1769 217 1780 -
235 1735 413 1814 protinam,
437 1759 465 1799 v.
489 1739 594 1799 Bacch.
620 1741 690 1800 371.
714 1771 757 1781 -
780 1741 853 1800 Post
876 1741 954 1801 hunc
976 1761 1093 1800 versum
1117 1743 1209 1816 Brix,

78 1845 159 1902 Anu.
182 1841 257 1920 phil.
280 1840 318 1900 CI
340 1861 369 1918 p.
395 1841 464 1914 765,
488 1843 576 1918 plura
607 1843 751 1901 excidisse
779 1839 881 1919 putat,
917 1842 1026 1920 quibus
1055 1845 1211 1904 consilium

77 1965 167 2005 suum
189 1947 361 2022 exposuerit
382 1943 534 2016 Curculio,
559 1964 592 2002 ec
611 1965 682 2003 sane
700 1947 745 2002 ita
763 1933 1032 2004 commemorantur
1051 1945 1206 2019 „tabellse“

78 2071 105 2108 v.
131 2051 205 2120 365,
228 2052 344 2104 utnon
366 2053 431 2104 tum
453 2049 581 2123 primum
605 2050 750 2105 nominari
773 2048 942 2107 videantur.
968 2077 1007 2088 -
1033 2051 1102 2108 364.
1128 2045 1213 2125 quod

77 2155 178 2230 primo
209 2149 397 2208 omisent
427 2152 458 2206 in
487 2153 621 2226 margine
649 2149 775 2208 addidit.
805 2178 842 2190 -
880 2151 950 2210 365.
992 2145 1121 2211 tabellas
1144 2151 1208 2210 cod.

77 2255 172 2326 Bria,
207 2257 242 2312 66
263 2271 367 2310 versus
389 2253 532 2328 postulat.
589 2247 821 2329 eonstpnemuS,
845 2252 907 2324 hic,
936 2257 971 2310 ut
993 2255 1116 2328 saepius,
1152 2273 1210 2311 non

77 2359 114 2416 de
139 2356 205 2414 solo
235 2357 319 2432 signo
344 2359 396 2412 aut
418 2356 552 2427 nomine,
587 2353 639 2412 666
664 2355 700 2412 66
727 2356 793 2431 ipsa
821 2355 949 2431 epistola
978 2355 1146 2429 scribendo,
1182 2375 1208 2414 v.

78 2461 141 2519 368
167 2479 212 2534 sq.
243 2485 280 2498 -··
314 2457 384 2516 366.
420 2451 623 2516 obtrudamus·
652 2455 685 2514 B.
740 2455 817 2516 Edd.
847 2457 910 2516 iere
950 2455 1209 2530 ,obstrudumus“,

77 2564 178 2621 forme
201 2560 237 2618 66
261 2559 454 2618 abstrudendi
478 2559 719 2632 similitudinem,
754 2565 788 2618 66
809 2559 942 2634 videtur,
971 2560 1112 2632 formata,
1144 2577 1210 2636 quae

77 2669 164 2724 extat
190 2661 281 2720 Stich.
313 2663 371 2720 593
408 2667 438 2719 66
473 2661 596 2719 offertur
630 2683 647 2720 a
674 2661 764 2720 Festo
797 2682 827 2738 p.
862 2663 931 2722 193.
993 2662 1087 2740 Gepp.
1118 2662 1209 2720 male:

81 2759 321 2841 „obstruamue“.
362 2793 405 2804 -
445 2765 515 2823 367.
562 2763 723 2840 Postquam
763 2765 864 2837 suilla,
911 2765 1018 2842 quibus
1059 2767 1210 2842 praeoipue

78 2867 294 2939 delectabatur,
322 2869 497 2939 nominavit,
522 2867 606 2925 addit
632 2873 732 2925 tamen
761 2869 850 2924 etiam
876 2885 942 2944 quae
964 2869 1058 2941 magis
1087 2869 1210 2942 proprie

78 2973 191 3030 famem
208 2967 313 3028 666666
331 2974 361 3026 66
380 2970 466 3046 quasi
482 2975 618 3028 ventrem
637 2968 766 3042 firmant,
790 2965 1000 3029 stabilimenta
1014 2965 1208 3041 („fulturam“

79 3077 161 3133 dixit
185 3073 289 3130 Horat.
314 3069 376 3129 Sat.
399 3071 437 3143 Π,
464 3073 491 3143 3,
519 3073 592 3129 154:
630 3073 753 3145 „ingens
782 3071 897 3129 accedit
925 3071 1076 3130 stomacho
1099 3071 1212 3130 fultura

78 3171 234 3249 ruenti“),
268 3193 377 3252 panem
405 3179 435 3231 et
464 3173 604 3232 bubulam
633 3193 747 3232 curnem
778 3180 808 3232 66
835 3175 946 3233 vinum.
969 3169 1073 3233 ueniri
1102 3172 1210 3245 codd.;

78 3280 198 3338 Nonius
215 3297 246 3355 p.
260 3279 320 3336 218
343 3274 507 3351 „uentrie“,
532 3276 613 3354 quod
636 3295 699 3334 cum
719 3275 764 3335 Fl.
783 3277 957 3353 reciperem,
980 3279 1006 3334 si
1024 3280 1123 3333 cetera
1140 3293 1212 3332 6666

81 3385 199 3450 666666,
229 3379 281 3438 666
310 3381 414 3438 vitium
444 3379 578 3438 indicant
600 3375 778 3438 nominativi
801 3383 865 3438 sine
889 3397 978 3437 66666
999 3383 1068 3454 post
1092 3396 1208 3434 accusa·

77 3487 161 3543 tivos
183 3483 276 3554 illati,
312 3497 403 3554 assa,
439 3477 528 3555 6616,
559 3483 668 3560 quibus
691 3481 806 3540 accedit
828 3483 918 3539 etiam
934 3495 1036 3556 pane,
1073 3479 1153 3556 quod
1176 3499 1213 3536 ex

79 3588 182 3646 Nonio
212 3591 242 3642 66
270 3583 405 3644 Chorieio
437 3605 467 3661 p.
497 3587 536 3644 90
564 3585 601 3644 K.
626 3603 744 3643 necesse
775 3584 821 3642 666
850 3585 1021 3660 recipietur.
1078 3583 1113 3641 ln
1145 3601 1212 3641 con·

79 3679 185 3760 textu,
220 3707 257 3744 66
280 3686 353 3764 quid
376 3687 502 3764 amplius
524 3691 686 3760 mutarem,
721 3687 892 3765 parenthesi
915 3688 1092 3764 interposita
1116 3686 1213 3744 locum

81 3791 228 3869 expedire
251 3795 374 3848 conatus
397 3809 475 3860 sum;
510 3789 563 3846 666
585 3791 714 3848 fortasse
736 3789 946 3849 emendatione
969 3808 1043 3865 opus
1072 3793 1125 3848 est.
1183 3787 1213 3846 Si

80 3891 161 3955 haec
182 3913 240 3950 non
263 3887 501 3970 ’6666166666
525 3897 650 3965 extaret,
681 3893 854 3951 scriberem:
892 3891 993 3970 „Opus
1023 3899 1092 3949 sunt
1115 3892 1214 3949 uentri

81 3995 288 4056 stabilimenta
310 3991 386 4053 etc.“
407 4023 449 4033 -
474 3996 544 4053 369.
574 3989 623 4052 Tu
647 4002 727 4053 recte
750 3995 783 4068 Β,
807 4001 842 4053 66
864 4001 992 4053 testatur
1017 3993 1213 4052 Studomund.

82 4097 232 4174 Philolog.
259 4099 356 4170 1876,
386 4117 415 4173 p.
440 4099 494 4168 71;
526 4102 595 4155 cett.
623 4094 748 4169 „Tute“.
801 4097 895 4154 Iidem
922 4093 1099 4168 „tabclles“,
1124 4103 1213 4167 recte,

83 4201 121 4260 cf.
137 4201 208 4258 365.
248 4199 319 4257 Ρο66
344 4195 553 4274 „consignato“
579 4199 678 4256 hiatus
701 4201 732 4257 in
756 4200 890 4272 diaeresi3
916 4205 945 4256 66
967 4199 1019 4258 alii
1042 4197 1214 4256 6616111166.

87 4299 168 4376 „mi“
189 4307 241 4360 666
261 4300 479 4375 ,ministrabit“
501 4299 625 4360 addunt.
665 4297 846 4374 dicemus,
870 4296 1069 4373 ministrabit,
1095 4301 1130 4360 ci.
1155 4300 1215 4360 Cic.

84 4407 117 4463 in
144 4405 245 4463 Pison.
275 4407 330 4478 27,
362 4405 417 4466 67:
451 4407 547 4478 „servi
576 4403 723 4463 sordidati
752 4401 954 4462 ministrant“.
1012 4403 1055 4462 De
1077 4409 1216 4479 correpta
