<?xml version="1.0" encoding="UTF-8"?>
<!DOCTYPE html PUBLIC "-//W3C//DTD XHTML 1.0 Transitional//EN"
    "http://www.w3.org/TR/xhtml1/DTD/xhtml1-transitional.dtd">
<html xmlns="http://www.w3.org/1999/xhtml" xml:lang="en" lang="en">
 <head>
  <title>
</title>
<meta http-equiv="Content-Type" content="text/html;charset=utf-8" />
  <meta name='ocr-system' content='tesseract 3.04.00' />
  <meta name='ocr-capabilities' content='ocr_page ocr_carea ocr_par ocr_line ocrx_word'/>
</head>
<body>
  <div class='ocr_page' id='page_1' title='image "./tmacciiplautico00ussigoog_0355.png"; bbox 0 0 2932 5010; ppageno 0'>
   <div class='ocr_carea' id='block_1_1' title="bbox 232 473 867 546">
    <p class='ocr_par' dir='ltr' id='par_1_1' title="bbox 232 473 867 546">
     <span class='ocr_line' id='line_1_1' title="bbox 232 473 867 546; baseline -0.028 -1"><span class='ocrx_word' id='word_1_1' title='bbox 232 483 293 546; x_wconf 83' lang='lat'><strong>336</strong></span> <span class='ocrx_word' id='word_1_2' title='bbox 716 473 867 528; x_wconf 68' lang='lat' dir='ltr'><strong>ennaea</strong></span> 
     </span>
    </p>
   </div>
   <div class='ocr_carea' id='block_1_2' title="bbox 230 666 1359 844">
    <p class='ocr_par' dir='ltr' id='par_1_2' title="bbox 230 666 1359 844">
     <span class='ocr_line' id='line_1_2' title="bbox 231 666 1359 750; baseline -0.004 -19"><span class='ocrx_word' id='word_1_3' title='bbox 231 674 358 750; x_wconf 88' lang='lat' dir='ltr'><strong>copiam,</strong></span> <span class='ocrx_word' id='word_1_4' title='bbox 382 671 498 730; x_wconf 86' lang='lat' dir='ltr'><strong>etiamsi</strong></span> <span class='ocrx_word' id='word_1_5' title='bbox 508 669 630 734; x_wconf 86' lang='lat' dir='ltr'><strong>Pirenes</strong></span> <span class='ocrx_word' id='word_1_6' title='bbox 647 669 736 728; x_wconf 79' lang='lat' dir='ltr'><strong>fontis</strong></span> <span class='ocrx_word' id='word_1_7' title='bbox 748 668 913 728; x_wconf 86' lang='lat' dir='ltr'><strong>ubertatem</strong></span> <span class='ocrx_word' id='word_1_8' title='bbox 927 673 1068 743; x_wconf 73' lang='lat' dir='ltr'><strong>equaret,</strong></span> <span class='ocrx_word' id='word_1_9' title='bbox 1086 666 1206 726; x_wconf 89' lang='lat' dir='ltr'><strong>ebibere</strong></span> <span class='ocrx_word' id='word_1_10' title='bbox 1223 667 1359 742; x_wconf 80' lang='lat' dir='ltr'><strong>posset“.</strong></span> 
     </span>
     <span class='ocr_line' id='line_1_3' title="bbox 230 768 1358 844; baseline -0.004 -10"><span class='ocrx_word' id='word_1_11' title='bbox 230 768 415 836; x_wconf 75' lang='lat' dir='ltr'><strong>interbibere</strong></span> <span class='ocrx_word' id='word_1_12' title='bbox 432 779 477 832; x_wconf 88' lang='lat' dir='ltr'><strong>est</strong></span> <span class='ocrx_word' id='word_1_13' title='bbox 488 774 532 830; x_wconf 90' lang='lat' dir='ltr'><strong>ita</strong></span> <span class='ocrx_word' id='word_1_14' title='bbox 548 772 660 844; x_wconf 85' lang='lat' dir='ltr'><strong>bibere,</strong></span> <span class='ocrx_word' id='word_1_15' title='bbox 679 777 714 830; x_wconf 92' lang='lat' dir='ltr'><strong>nt</strong></span> <span class='ocrx_word' id='word_1_16' title='bbox 732 773 838 830; x_wconf 86' lang='lat' dir='ltr'><strong>ceteris</strong></span> <span class='ocrx_word' id='word_1_17' title='bbox 854 770 976 830; x_wconf 90' lang='lat' dir='ltr'><strong>bibendi</strong></span> <span class='ocrx_word' id='word_1_18' title='bbox 992 773 1108 828; x_wconf 85' lang='lat' dir='ltr'><strong>occasio</strong></span> <span class='ocrx_word' id='word_1_19' title='bbox 1125 769 1358 830; x_wconf 71' lang='lat' dir='ltr'><strong>intercludatur.</strong></span> 
     </span>
    </p>
   </div>
   <div class='ocr_carea' id='block_1_3' title="bbox 230 869 1459 1054">
    <p class='ocr_par' dir='ltr' id='par_1_3' title="bbox 230 869 1459 1054">
     <span class='ocr_line' id='line_1_4' title="bbox 230 869 1459 948; baseline -0.005 -11"><span class='ocrx_word' id='word_1_20' title='bbox 230 877 364 937; x_wconf 84' lang='lat' dir='ltr'><strong>Donatus</strong></span> <span class='ocrx_word' id='word_1_21' title='bbox 391 881 422 934; x_wconf 86' lang='lat' dir='ltr'><strong>et</strong></span> <span class='ocrx_word' id='word_1_22' title='bbox 443 875 481 934; x_wconf 89' lang='lat' dir='ltr'><strong>ad</strong></span> <span class='ocrx_word' id='word_1_23' title='bbox 502 874 621 934; x_wconf 79' lang='lat' dir='ltr'><strong>Terent.</strong></span> <span class='ocrx_word' id='word_1_24' title='bbox 643 873 736 934; x_wconf 80' lang='lat' dir='ltr'><strong>Andr.</strong></span> <span class='ocrx_word' id='word_1_25' title='bbox 761 875 821 934; x_wconf 81' lang='lat'><strong>496</strong></span> <span class='ocrx_word' id='word_1_26' title='bbox 846 869 1091 948; x_wconf 85' lang='lat' dir='ltr'><strong>(„Interminatus</strong></span> <span class='ocrx_word' id='word_1_27' title='bbox 1118 869 1218 945; x_wconf 79' lang='lat' dir='ltr'><strong>sum“)</strong></span> <span class='ocrx_word' id='word_1_28' title='bbox 1254 879 1284 930; x_wconf 88' lang='lat' dir='ltr'><strong>et</strong></span> <span class='ocrx_word' id='word_1_29' title='bbox 1319 873 1359 932; x_wconf 83' lang='lat' dir='ltr'><strong>sd</strong></span> <span class='ocrx_word' id='word_1_30' title='bbox 1458 877 1459 880; x_wconf 73' lang='grc'>’</span> 
     </span>
     <span class='ocr_line' id='line_1_5' title="bbox 231 972 1358 1054; baseline -0.007 -15"><span class='ocrx_word' id='word_1_31' title='bbox 231 979 308 1038; x_wconf 83' lang='grc' dir='ltr'>Ειιιι.</span> <span class='ocrx_word' id='word_1_32' title='bbox 338 981 377 1038; x_wconf 86' lang='grc'><strong>80</strong></span> <span class='ocrx_word' id='word_1_33' title='bbox 412 972 633 1054; x_wconf 86' lang='lat' dir='ltr'><strong>(„intercipit“)</strong></span> <span class='ocrx_word' id='word_1_34' title='bbox 669 976 747 1034; x_wconf 88' lang='lat' dir='ltr'><strong>hunc</strong></span> <span class='ocrx_word' id='word_1_35' title='bbox 780 995 898 1034; x_wconf 89' lang='lat' dir='ltr'><strong>versum</strong></span> <span class='ocrx_word' id='word_1_36' title='bbox 925 975 1021 1034; x_wconf 80' lang='lat' dir='ltr'><strong>affert.</strong></span> <span class='ocrx_word' id='word_1_37' title='bbox 1086 976 1116 1033; x_wconf 88' lang='lat' dir='ltr'><strong>Is</strong></span> <span class='ocrx_word' id='word_1_38' title='bbox 1143 977 1245 1053; x_wconf 90' lang='lat' dir='ltr'><strong>priore</strong></span> <span class='ocrx_word' id='word_1_39' title='bbox 1278 975 1358 1046; x_wconf 89' lang='lat' dir='ltr'><strong>loco,</strong></span> 
     </span>
    </p>
   </div>
   <div class='ocr_carea' id='block_1_4' title="bbox 179 1077 1459 2995">
    <p class='ocr_par' dir='ltr' id='par_1_4' title="bbox 232 1077 1459 2787">
     <span class='ocr_line' id='line_1_6' title="bbox 232 1077 1459 1158; baseline -0.003 -18"><span class='ocrx_word' id='word_1_40' title='bbox 232 1101 301 1140; x_wconf 85' lang='lat' dir='ltr'><strong>nam</strong></span> <span class='ocrx_word' id='word_1_41' title='bbox 324 1081 418 1140; x_wconf 88' lang='lat' dir='ltr'><strong>altero</strong></span> <span class='ocrx_word' id='word_1_42' title='bbox 442 1080 555 1138; x_wconf 87' lang='lat' dir='ltr'><strong>omittit</strong></span> <span class='ocrx_word' id='word_1_43' title='bbox 578 1079 755 1137; x_wconf 88' lang='lat' dir='ltr'><strong>sententiam</strong></span> <span class='ocrx_word' id='word_1_44' title='bbox 777 1081 998 1155; x_wconf 73' lang='lat' dir='ltr'><strong>interpositam,</strong></span> <span class='ocrx_word' id='word_1_45' title='bbox 1021 1078 1137 1140; x_wconf 74' lang='lat' dir='ltr'><strong>scaleni</strong></span> <span class='ocrx_word' id='word_1_46' title='bbox 1158 1077 1278 1158; x_wconf 89' lang='lat' dir='ltr'><strong>scribit,</strong></span> <span class='ocrx_word' id='word_1_47' title='bbox 1303 1099 1360 1136; x_wconf 87' lang='lat' dir='ltr'><strong>nee</strong></span> <span class='ocrx_word' id='word_1_48' title='bbox 1458 1113 1459 1136; x_wconf 80' lang='lat' dir='ltr'><strong>l</strong></span> 
     </span>
     <span class='ocr_line' id='line_1_7' title="bbox 233 1155 1459 1257; baseline -0.002 -15"><span class='ocrx_word' id='word_1_49' title='bbox 233 1181 422 1254; x_wconf 80' lang='lat' dir='ltr'><strong>indicativus,</strong></span> <span class='ocrx_word' id='word_1_50' title='bbox 446 1201 533 1257; x_wconf 86' lang='lat' dir='ltr'><strong>quem</strong></span> <span class='ocrx_word' id='word_1_51' title='bbox 545 1180 677 1240; x_wconf 90' lang='lat' dir='ltr'><strong>Plautini</strong></span> <span class='ocrx_word' id='word_1_52' title='bbox 695 1179 779 1240; x_wconf 92' lang='lat' dir='ltr'><strong>codd.</strong></span> <span class='ocrx_word' id='word_1_53' title='bbox 792 1181 936 1256; x_wconf 73' lang='lat' dir='ltr'><strong>praebent,</strong></span> <span class='ocrx_word' id='word_1_54' title='bbox 959 1179 1032 1238; x_wconf 82' lang='lat' dir='ltr'><strong>isrri</strong></span> <span class='ocrx_word' id='word_1_55' title='bbox 1049 1185 1164 1257; x_wconf 86' lang='lat' dir='ltr'><strong>potest;</strong></span> <span class='ocrx_word' id='word_1_56' title='bbox 1188 1181 1242 1239; x_wconf 89' lang='lat' dir='ltr'><strong>sed</strong></span> <span class='ocrx_word' id='word_1_57' title='bbox 1261 1183 1361 1240; x_wconf 70' lang='lat' dir='ltr'><strong>tertie</strong></span> <span class='ocrx_word' id='word_1_58' title='bbox 1458 1155 1459 1178; x_wconf 35' lang='lat' dir='ltr'><strong>l</strong></span> 
     </span>
     <span class='ocr_line' id='line_1_8' title="bbox 233 1281 1361 1359; baseline -0.002 -15"><span class='ocrx_word' id='word_1_59' title='bbox 233 1284 453 1359; x_wconf 85' lang='lat' dir='ltr'><strong>coniugationis</strong></span> <span class='ocrx_word' id='word_1_60' title='bbox 475 1284 607 1354; x_wconf 79' lang='lat' dir='ltr'><strong>formam,</strong></span> <span class='ocrx_word' id='word_1_61' title='bbox 632 1283 745 1358; x_wconf 79' lang='lat' dir='ltr'><strong>scatet,</strong></span> <span class='ocrx_word' id='word_1_62' title='bbox 768 1303 887 1342; x_wconf 84' lang='lat' dir='ltr'><strong>versum</strong></span> <span class='ocrx_word' id='word_1_63' title='bbox 909 1285 1062 1359; x_wconf 89' lang='lat' dir='ltr'><strong>requirere</strong></span> <span class='ocrx_word' id='word_1_64' title='bbox 1084 1281 1162 1340; x_wconf 81' lang='lat' dir='ltr'><strong>vidit</strong></span> <span class='ocrx_word' id='word_1_65' title='bbox 1183 1283 1361 1354; x_wconf 78' lang='lat' dir='ltr'><strong>Lambinus,</strong></span> 
     </span>
     <span class='ocr_line' id='line_1_9' title="bbox 234 1384 1361 1464; baseline 0.001 -19"><span class='ocrx_word' id='word_1_66' title='bbox 234 1405 300 1464; x_wconf 75' lang='lat' dir='ltr'><strong>qum</strong></span> <span class='ocrx_word' id='word_1_67' title='bbox 323 1387 419 1444; x_wconf 84' lang='lat' dir='ltr'><strong>forma</strong></span> <span class='ocrx_word' id='word_1_68' title='bbox 446 1405 482 1444; x_wconf 86' lang='lat' dir='ltr'><strong>ex</strong></span> <span class='ocrx_word' id='word_1_69' title='bbox 504 1385 643 1444; x_wconf 87' lang='lat' dir='ltr'><strong>Lucretio</strong></span> <span class='ocrx_word' id='word_1_70' title='bbox 671 1391 745 1444; x_wconf 89' lang='lat' dir='ltr'><strong>nota</strong></span> <span class='ocrx_word' id='word_1_71' title='bbox 766 1391 825 1456; x_wconf 91' lang='lat' dir='ltr'><strong>est,</strong></span> <span class='ocrx_word' id='word_1_72' title='bbox 849 1385 910 1444; x_wconf 86' lang='lat' dir='ltr'><strong>vid.</strong></span> <span class='ocrx_word' id='word_1_73' title='bbox 933 1385 1051 1444; x_wconf 86' lang='lat' dir='ltr'><strong>Munro.</strong></span> <span class='ocrx_word' id='word_1_74' title='bbox 1075 1384 1113 1442; x_wconf 92' lang='lat' dir='ltr'><strong>ad</strong></span> <span class='ocrx_word' id='word_1_75' title='bbox 1135 1384 1223 1444; x_wconf 91' lang='lat' dir='ltr'><strong>Lucr.</strong></span> <span class='ocrx_word' id='word_1_76' title='bbox 1247 1385 1281 1456; x_wconf 77' lang='lat' dir='ltr'><strong>V,</strong></span> <span class='ocrx_word' id='word_1_77' title='bbox 1306 1389 1361 1446; x_wconf 81' lang='lat'><strong>40.</strong></span> 
     </span>
     <span class='ocr_line' id='line_1_10' title="bbox 234 1481 1362 1566; baseline -0.001 -19"><span class='ocrx_word' id='word_1_78' title='bbox 234 1518 277 1530; x_wconf 89' lang='lat'>-</span> <span class='ocrx_word' id='word_1_79' title='bbox 302 1488 371 1548; x_wconf 92' lang='grc'><strong>551.</strong></span> <span class='ocrx_word' id='word_1_80' title='bbox 404 1485 522 1566; x_wconf 79' lang='lat' dir='ltr'><strong>fontem</strong></span> <span class='ocrx_word' id='word_1_81' title='bbox 552 1481 691 1546; x_wconf 75' lang='lat' dir='ltr'><strong>Pirenen</strong></span> <span class='ocrx_word' id='word_1_82' title='bbox 717 1488 836 1564; x_wconf 75' lang='lat' dir='ltr'><strong>scripsit</strong></span> <span class='ocrx_word' id='word_1_83' title='bbox 857 1486 995 1560; x_wconf 82' lang='lat' dir='ltr'><strong>Guietus,</strong></span> <span class='ocrx_word' id='word_1_84' title='bbox 1030 1485 1162 1546; x_wconf 79' lang='lat' dir='ltr'>Goeller.</span> <span class='ocrx_word' id='word_1_85' title='bbox 1194 1495 1223 1544; x_wconf 90' lang='lat' dir='ltr'><strong>et</strong></span> <span class='ocrx_word' id='word_1_86' title='bbox 1251 1487 1362 1564; x_wconf 76' lang='lat' dir='ltr'><strong>Wagn.</strong></span> 
     </span>
     <span class='ocr_line' id='line_1_11' title="bbox 239 1577 1364 1666; baseline 0.001 -18"><span class='ocrx_word' id='word_1_87' title='bbox 239 1585 425 1663; x_wconf 88' lang='lat' dir='ltr'><strong>„Pirenam“,</strong></span> <span class='ocrx_word' id='word_1_88' title='bbox 459 1590 599 1666; x_wconf 88' lang='lat' dir='ltr'><strong>quoniam</strong></span> <span class='ocrx_word' id='word_1_89' title='bbox 633 1588 737 1648; x_wconf 86' lang='lat' dir='ltr'><strong>Graeca</strong></span> <span class='ocrx_word' id='word_1_90' title='bbox 769 1577 936 1648; x_wconf 87' lang='lat' dir='ltr'><strong>declinandi</strong></span> <span class='ocrx_word' id='word_1_91' title='bbox 969 1591 1048 1648; x_wconf 85' lang='lat' dir='ltr'><strong>ratio</strong></span> <span class='ocrx_word' id='word_1_92' title='bbox 1081 1609 1186 1666; x_wconf 79' lang='lat' dir='ltr'><strong>purum</strong></span> <span class='ocrx_word' id='word_1_93' title='bbox 1220 1589 1364 1650; x_wconf 77' lang='lat' dir='ltr'><strong>Plautina</strong></span> 
     </span>
     <span class='ocr_line' id='line_1_12' title="bbox 235 1690 1362 1770; baseline 0 -20"><span class='ocrx_word' id='word_1_94' title='bbox 235 1692 364 1752; x_wconf 83' lang='lat' dir='ltr'><strong>videtur.</strong></span> <span class='ocrx_word' id='word_1_95' title='bbox 392 1721 435 1731; x_wconf 90' lang='lat'>-</span> <span class='ocrx_word' id='word_1_96' title='bbox 459 1690 582 1766; x_wconf 68' lang='lat' dir='ltr'><strong>poter,</strong></span> <span class='ocrx_word' id='word_1_97' title='bbox 618 1690 654 1749; x_wconf 91' lang='lat' dir='ltr'><strong>de</strong></span> <span class='ocrx_word' id='word_1_98' title='bbox 676 1692 840 1752; x_wconf 83' lang='lat' dir='ltr'><strong>indicativo</strong></span> <span class='ocrx_word' id='word_1_99' title='bbox 864 1711 890 1750; x_wconf 84' lang='lat' dir='ltr'><strong>v.</strong></span> <span class='ocrx_word' id='word_1_100' title='bbox 915 1692 952 1750; x_wconf 91' lang='lat' dir='ltr'><strong>ad</strong></span> <span class='ocrx_word' id='word_1_101' title='bbox 974 1691 1081 1770; x_wconf 84' lang='lat' dir='ltr'>Amph.</span> <span class='ocrx_word' id='word_1_102' title='bbox 1109 1693 1179 1750; x_wconf 77' lang='lat'><strong>167.</strong></span> <span class='ocrx_word' id='word_1_103' title='bbox 1209 1721 1252 1732; x_wconf 90' lang='lat'>-</span> <span class='ocrx_word' id='word_1_104' title='bbox 1288 1695 1362 1752; x_wconf 80' lang='lat'><strong>552.</strong></span> 
     </span>
     <span class='ocr_line' id='line_1_13' title="bbox 237 1789 1364 1871; baseline -0.001 -18"><span class='ocrx_word' id='word_1_105' title='bbox 237 1789 399 1871; x_wconf 76' lang='lat' dir='ltr'><strong>opsonlnm</strong></span> <span class='ocrx_word' id='word_1_106' title='bbox 420 1796 450 1852; x_wconf 89' lang='lat' dir='ltr'><strong>iu</strong></span> <span class='ocrx_word' id='word_1_107' title='bbox 473 1794 497 1854; x_wconf 93' lang='lat' dir='ltr'>B</span> <span class='ocrx_word' id='word_1_108' title='bbox 519 1793 652 1852; x_wconf 87' lang='lat' dir='ltr'><strong>radendo</strong></span> <span class='ocrx_word' id='word_1_109' title='bbox 671 1794 876 1866; x_wconf 65' lang='lat' dir='ltr'><strong>emendatum</strong></span> <span class='ocrx_word' id='word_1_110' title='bbox 900 1790 1014 1871; x_wconf 73' lang='lat' dir='ltr'><strong>leqiont&#39;</strong></span> <span class='ocrx_word' id='word_1_111' title='bbox 1035 1795 1087 1854; x_wconf 79' lang='lat' dir='ltr'><strong>sai</strong></span> <span class='ocrx_word' id='word_1_112' title='bbox 1108 1813 1186 1854; x_wconf 88' lang='lat' dir='ltr'><strong>man.</strong></span> <span class='ocrx_word' id='word_1_113' title='bbox 1204 1813 1262 1854; x_wconf 87' lang='lat' dir='ltr'><strong>sec.</strong></span> <span class='ocrx_word' id='word_1_114' title='bbox 1302 1794 1364 1852; x_wconf 78' lang='lat' dir='ltr'><strong>Sed</strong></span> 
     </span>
     <span class='ocr_line' id='line_1_14' title="bbox 235 1895 1365 1974; baseline 0 -19"><span class='ocrx_word' id='word_1_115' title='bbox 235 1903 271 1956; x_wconf 92' lang='lat' dir='ltr'><strong>ut</strong></span> <span class='ocrx_word' id='word_1_116' title='bbox 293 1895 397 1956; x_wconf 87' lang='lat' dir='ltr'><strong>Euclio</strong></span> <span class='ocrx_word' id='word_1_117' title='bbox 415 1901 566 1972; x_wconf 78' lang='lat' dir='ltr'><strong>queratur,</strong></span> <span class='ocrx_word' id='word_1_118' title='bbox 586 1895 665 1970; x_wconf 89' lang='lat' dir='ltr'><strong>quod</strong></span> <span class='ocrx_word' id='word_1_119' title='bbox 683 1897 809 1954; x_wconf 88' lang='lat' dir='ltr'><strong>multum</strong></span> <span class='ocrx_word' id='word_1_120' title='bbox 828 1898 945 1974; x_wconf 83' lang='lat' dir='ltr'><strong>opsonii</strong></span> <span class='ocrx_word' id='word_1_121' title='bbox 962 1897 1083 1954; x_wconf 87' lang='lat' dir='ltr'><strong>missum</strong></span> <span class='ocrx_word' id='word_1_122' title='bbox 1100 1897 1148 1968; x_wconf 84' lang='lat' dir='ltr'><strong>sit,</strong></span> <span class='ocrx_word' id='word_1_123' title='bbox 1172 1896 1255 1954; x_wconf 90' lang='lat' dir='ltr'><strong>nullo</strong></span> <span class='ocrx_word' id='word_1_124' title='bbox 1273 1897 1365 1955; x_wconf 90' lang='lat' dir='ltr'><strong>modo</strong></span> 
     </span>
     <span class='ocr_line' id='line_1_15' title="bbox 236 1997 1363 2076; baseline 0.002 -20"><span class='ocrx_word' id='word_1_125' title='bbox 236 1997 301 2057; x_wconf 92' lang='lat' dir='ltr'><strong>fieri</strong></span> <span class='ocrx_word' id='word_1_126' title='bbox 319 2003 430 2076; x_wconf 84' lang='lat' dir='ltr'><strong>potest,</strong></span> <span class='ocrx_word' id='word_1_127' title='bbox 448 2017 626 2073; x_wconf 84' lang='lat' dir='ltr'><strong>quamquam</strong></span> <span class='ocrx_word' id='word_1_128' title='bbox 644 2017 698 2058; x_wconf 89' lang='lat' dir='ltr'><strong>nec</strong></span> <span class='ocrx_word' id='word_1_129' title='bbox 715 1998 869 2056; x_wconf 86' lang='lat' dir='ltr'><strong>Acidalius</strong></span> <span class='ocrx_word' id='word_1_130' title='bbox 887 2018 941 2056; x_wconf 90' lang='lat' dir='ltr'><strong>nec</strong></span> <span class='ocrx_word' id='word_1_131' title='bbox 952 1997 1119 2075; x_wconf 82' lang='lat' dir='ltr'><strong>Wagnerus</strong></span> <span class='ocrx_word' id='word_1_132' title='bbox 1137 1999 1193 2056; x_wconf 85' lang='lat' dir='ltr'><strong>hoc</strong></span> <span class='ocrx_word' id='word_1_133' title='bbox 1210 1999 1363 2058; x_wconf 84' lang='lat' dir='ltr'><strong>viderunt.</strong></span> 
     </span>
     <span class='ocr_line' id='line_1_16' title="bbox 237 2094 1363 2188; baseline 0.002 -28"><span class='ocrx_word' id='word_1_134' title='bbox 237 2101 381 2160; x_wconf 82' lang='lat' dir='ltr'><strong>Viderant</strong></span> <span class='ocrx_word' id='word_1_135' title='bbox 408 2101 467 2158; x_wconf 84' lang='lat' dir='ltr'><strong>ism</strong></span> <span class='ocrx_word' id='word_1_136' title='bbox 490 2100 610 2188; x_wconf 59' lang='grc' dir='ltr'><strong>1ιιιιιίιιιιι</strong></span> <span class='ocrx_word' id='word_1_137' title='bbox 632 2099 700 2158; x_wconf 91' lang='lat' dir='ltr'><strong>edd.</strong></span> <span class='ocrx_word' id='word_1_138' title='bbox 722 2099 815 2160; x_wconf 86' lang='lat' dir='ltr'><strong>verba</strong></span> <span class='ocrx_word' id='word_1_139' title='bbox 839 2094 898 2160; x_wconf 80' lang='lat' dir='ltr'><strong>Pol</strong></span> <span class='ocrx_word' id='word_1_140' title='bbox 919 2105 975 2160; x_wconf 90' lang='lat' dir='ltr'><strong>etc.</strong></span> <span class='ocrx_word' id='word_1_141' title='bbox 998 2099 1163 2175; x_wconf 79' lang='lat' dir='ltr'><strong>Megadoro</strong></span> <span class='ocrx_word' id='word_1_142' title='bbox 1186 2101 1363 2162; x_wconf 88' lang='lat' dir='ltr'><strong>tribuentes.</strong></span> 
     </span>
     <span class='ocr_line' id='line_1_17' title="bbox 236 2197 1365 2280; baseline 0 -18"><span class='ocrx_word' id='word_1_143' title='bbox 236 2203 342 2262; x_wconf 85' lang='lat' dir='ltr'><strong>Euclio</strong></span> <span class='ocrx_word' id='word_1_144' title='bbox 365 2202 402 2261; x_wconf 91' lang='lat' dir='ltr'><strong>de</strong></span> <span class='ocrx_word' id='word_1_145' title='bbox 424 2201 546 2260; x_wconf 82' lang='lat' dir='ltr'><strong>tibicina</strong></span> <span class='ocrx_word' id='word_1_146' title='bbox 569 2201 701 2260; x_wconf 89' lang='lat' dir='ltr'><strong>dicturus</strong></span> <span class='ocrx_word' id='word_1_147' title='bbox 724 2209 802 2260; x_wconf 88' lang='lat' dir='ltr'><strong>erat:</strong></span> <span class='ocrx_word' id='word_1_148' title='bbox 841 2197 941 2278; x_wconf 81' lang='lat' dir='ltr'><strong>,Tnm</strong></span> <span class='ocrx_word' id='word_1_149' title='bbox 963 2198 1128 2280; x_wconf 73' lang='lat' dir='ltr'><strong>opsonium</strong></span> <span class='ocrx_word' id='word_1_150' title='bbox 1150 2203 1253 2262; x_wconf 66' lang='lat' dir='ltr'><strong>anton</strong></span> <span class='ocrx_word' id='word_1_151' title='bbox 1276 2224 1365 2262; x_wconf 89' lang='lat' dir='ltr'><strong>omns</strong></span> 
     </span>
     <span class='ocr_line' id='line_1_18' title="bbox 238 2299 1363 2381; baseline 0 -17"><span class='ocrx_word' id='word_1_152' title='bbox 238 2305 301 2364; x_wconf 88' lang='lat' dir='ltr'><strong>sola</strong></span> <span class='ocrx_word' id='word_1_153' title='bbox 333 2303 487 2364; x_wconf 87' lang='lat' dir='ltr'><strong>comedere</strong></span> <span class='ocrx_word' id='word_1_154' title='bbox 519 2299 636 2380; x_wconf 83' lang='lat' dir='ltr'><strong>potest“</strong></span> <span class='ocrx_word' id='word_1_155' title='bbox 680 2301 910 2376; x_wconf 89' lang='lat' dir='ltr'><strong>(meminerimus</strong></span> <span class='ocrx_word' id='word_1_156' title='bbox 947 2307 1153 2381; x_wconf 79' lang='lat' dir='ltr'><strong>„pinguiorem</strong></span> <span class='ocrx_word' id='word_1_157' title='bbox 1188 2303 1363 2364; x_wconf 79' lang='lat' dir='ltr'><strong>tibicinam“</strong></span> 
     </span>
     <span class='ocr_line' id='line_1_19' title="bbox 237 2401 1365 2484; baseline -0.001 -18"><span class='ocrx_word' id='word_1_158' title='bbox 237 2407 374 2466; x_wconf 88' lang='lat' dir='ltr'><strong>Euclioni</strong></span> <span class='ocrx_word' id='word_1_159' title='bbox 396 2408 516 2464; x_wconf 88' lang='lat' dir='ltr'><strong>missam</strong></span> <span class='ocrx_word' id='word_1_160' title='bbox 539 2425 602 2464; x_wconf 87' lang='lat' dir='ltr'><strong>esse</strong></span> <span class='ocrx_word' id='word_1_161' title='bbox 625 2425 652 2464; x_wconf 88' lang='lat' dir='ltr'><strong>v.</strong></span> <span class='ocrx_word' id='word_1_162' title='bbox 672 2401 764 2482; x_wconf 81' lang='lat'>324);</span> <span class='ocrx_word' id='word_1_163' title='bbox 793 2405 846 2464; x_wconf 88' lang='lat' dir='ltr'><strong>sed</strong></span> <span class='ocrx_word' id='word_1_164' title='bbox 868 2426 933 2466; x_wconf 91' lang='lat' dir='ltr'><strong>eum</strong></span> <span class='ocrx_word' id='word_1_165' title='bbox 957 2407 1150 2482; x_wconf 84' lang='lat' dir='ltr'><strong>interrumpit</strong></span> <span class='ocrx_word' id='word_1_166' title='bbox 1172 2407 1365 2484; x_wconf 79' lang='lat' dir='ltr'><strong>Megadorus,</strong></span> 
     </span>
     <span class='ocr_line' id='line_1_20' title="bbox 242 2507 1369 2586; baseline 0.001 -19"><span class='ocrx_word' id='word_1_167' title='bbox 242 2510 358 2586; x_wconf 90' lang='lat' dir='ltr'><strong>opsonii</strong></span> <span class='ocrx_word' id='word_1_168' title='bbox 382 2508 481 2567; x_wconf 90' lang='lat' dir='ltr'><strong>dicens</strong></span> <span class='ocrx_word' id='word_1_169' title='bbox 509 2513 626 2566; x_wconf 88' lang='lat' dir='ltr'><strong>tantum</strong></span> <span class='ocrx_word' id='word_1_170' title='bbox 654 2526 732 2580; x_wconf 90' lang='lat' dir='ltr'><strong>esse,</strong></span> <span class='ocrx_word' id='word_1_171' title='bbox 763 2513 797 2566; x_wconf 93' lang='lat' dir='ltr'><strong>ut</strong></span> <span class='ocrx_word' id='word_1_172' title='bbox 818 2508 867 2565; x_wconf 87' lang='lat' dir='ltr'><strong>vel</strong></span> <span class='ocrx_word' id='word_1_173' title='bbox 889 2509 999 2586; x_wconf 76' lang='lat' dir='ltr'><strong>legioni</strong></span> <span class='ocrx_word' id='word_1_174' title='bbox 1021 2507 1164 2582; x_wconf 87' lang='lat' dir='ltr'><strong>sufficiat,</strong></span> <span class='ocrx_word' id='word_1_175' title='bbox 1200 2529 1234 2566; x_wconf 82' lang='lat' dir='ltr'><strong>ac</strong></span> <span class='ocrx_word' id='word_1_176' title='bbox 1255 2514 1369 2585; x_wconf 73' lang='lat' dir='ltr'><strong>preter</strong></span> 
     </span>
     <span class='ocr_line' id='line_1_21' title="bbox 243 2609 1367 2688; baseline 0 -20"><span class='ocrx_word' id='word_1_177' title='bbox 243 2611 406 2688; x_wconf 87' lang='lat' dir='ltr'><strong>opsonium,</strong></span> <span class='ocrx_word' id='word_1_178' title='bbox 429 2611 448 2668; x_wconf 93' lang='lat' dir='ltr'><strong>i.</strong></span> <span class='ocrx_word' id='word_1_179' title='bbox 463 2629 487 2668; x_wconf 92' lang='lat' dir='ltr'><strong>e.</strong></span> <span class='ocrx_word' id='word_1_180' title='bbox 505 2611 602 2686; x_wconf 86' lang='lat' dir='ltr'><strong>pisces</strong></span> <span class='ocrx_word' id='word_1_181' title='bbox 621 2615 651 2667; x_wconf 91' lang='lat' dir='ltr'><strong>st</strong></span> <span class='ocrx_word' id='word_1_182' title='bbox 668 2609 855 2684; x_wconf 84' lang='lat' dir='ltr'><strong>salsamenta,</strong></span> <span class='ocrx_word' id='word_1_183' title='bbox 879 2611 970 2668; x_wconf 88' lang='lat' dir='ltr'><strong>etiam</strong></span> <span class='ocrx_word' id='word_1_184' title='bbox 992 2629 1100 2687; x_wconf 80' lang='lat' dir='ltr'><strong>sgnum</strong></span> <span class='ocrx_word' id='word_1_185' title='bbox 1122 2629 1153 2668; x_wconf 91' lang='lat' dir='ltr'><strong>ss</strong></span> <span class='ocrx_word' id='word_1_186' title='bbox 1176 2613 1300 2670; x_wconf 87' lang='lat' dir='ltr'><strong>misisse.</strong></span> <span class='ocrx_word' id='word_1_187' title='bbox 1327 2641 1367 2652; x_wconf 90' lang='lat'><strong>·—</strong></span> 
     </span>
     <span class='ocr_line' id='line_1_22' title="bbox 245 2705 1368 2787; baseline -0.001 -16"><span class='ocrx_word' id='word_1_188' title='bbox 245 2714 314 2772; x_wconf 83' lang='grc'><strong>554.</strong></span> <span class='ocrx_word' id='word_1_189' title='bbox 342 2705 482 2785; x_wconf 82' lang='lat' dir='ltr'><strong>,belnam</strong></span> <span class='ocrx_word' id='word_1_190' title='bbox 499 2710 705 2770; x_wconf 85' lang='lat' dir='ltr'><strong>indifferenter</strong></span> <span class='ocrx_word' id='word_1_191' title='bbox 720 2713 821 2787; x_wconf 90' lang='lat' dir='ltr'><strong>posuit</strong></span> <span class='ocrx_word' id='word_1_192' title='bbox 838 2714 998 2772; x_wconf 87' lang='lat' dir='ltr'><strong>auctoritas</strong></span> <span class='ocrx_word' id='word_1_193' title='bbox 1014 2709 1181 2786; x_wconf 82' lang='lat' dir='ltr'><strong>veterum“,</strong></span> <span class='ocrx_word' id='word_1_194' title='bbox 1200 2713 1244 2772; x_wconf 85' lang='lat' dir='ltr'><strong>sit</strong></span> <span class='ocrx_word' id='word_1_195' title='bbox 1253 2712 1368 2772; x_wconf 85' lang='lat' dir='ltr'><strong>Nouius</strong></span> 
     </span>
    </p>

    <p class='ocr_par' dir='ltr' id='par_1_5' title="bbox 179 2813 1368 2995">
     <span class='ocr_line' id='line_1_23' title="bbox 242 2813 1367 2894; baseline 0.002 -22"><span class='ocrx_word' id='word_1_196' title='bbox 242 2834 273 2894; x_wconf 91' lang='lat' dir='ltr'><strong>p.</strong></span> <span class='ocrx_word' id='word_1_197' title='bbox 297 2816 357 2872; x_wconf 87' lang='grc'><strong>455</strong></span> <span class='ocrx_word' id='word_1_198' title='bbox 381 2813 410 2872; x_wconf 93' lang='lat' dir='ltr'><strong>h.</strong></span> <span class='ocrx_word' id='word_1_199' title='bbox 433 2833 462 2872; x_wconf 79' lang='grc' dir='ltr'>ι.</span> <span class='ocrx_word' id='word_1_200' title='bbox 486 2813 621 2873; x_wconf 80' lang='lat' dir='ltr'><strong>efferens.</strong></span> <span class='ocrx_word' id='word_1_201' title='bbox 656 2813 741 2885; x_wconf 79' lang='lat' dir='ltr'><strong>Quod</strong></span> <span class='ocrx_word' id='word_1_202' title='bbox 765 2820 866 2874; x_wconf 88' lang='lat' dir='ltr'><strong>autem</strong></span> <span class='ocrx_word' id='word_1_203' title='bbox 889 2820 919 2872; x_wconf 91' lang='lat' dir='ltr'><strong>et</strong></span> <span class='ocrx_word' id='word_1_204' title='bbox 937 2813 1021 2874; x_wconf 90' lang='lat' dir='ltr'><strong>codd.</strong></span> <span class='ocrx_word' id='word_1_205' title='bbox 1040 2821 1071 2873; x_wconf 89' lang='lat' dir='ltr'><strong>et</strong></span> <span class='ocrx_word' id='word_1_206' title='bbox 1089 2814 1204 2874; x_wconf 87' lang='lat' dir='ltr'><strong>Nonius</strong></span> <span class='ocrx_word' id='word_1_207' title='bbox 1222 2815 1367 2893; x_wconf 72' lang='lat' dir='ltr'><strong>prebent,</strong></span> 
     </span>
     <span class='ocr_line' id='line_1_24' title="bbox 179 2899 1368 2995; baseline 0 -19"><span class='ocrx_word' id='word_1_208' title='bbox 179 2899 180 2902; x_wconf 8' lang='grc' dir='ltr'><strong>Ἴ</strong></span> <span class='ocrx_word' id='word_1_209' title='bbox 244 2913 410 2988; x_wconf 76' lang='lat' dir='ltr'><strong>curiosam,</strong></span> <span class='ocrx_word' id='word_1_210' title='bbox 434 2934 536 2974; x_wconf 88' lang='lat' dir='ltr'><strong>verum</strong></span> <span class='ocrx_word' id='word_1_211' title='bbox 560 2935 624 2974; x_wconf 87' lang='lat' dir='ltr'><strong>sese</strong></span> <span class='ocrx_word' id='word_1_212' title='bbox 647 2936 708 2974; x_wconf 87' lang='lat' dir='ltr'><strong>non</strong></span> <span class='ocrx_word' id='word_1_213' title='bbox 729 2921 845 2993; x_wconf 86' lang='lat' dir='ltr'><strong>potest,</strong></span> <span class='ocrx_word' id='word_1_214' title='bbox 880 2918 1020 2994; x_wconf 89' lang='lat' dir='ltr'><strong>quoniam</strong></span> <span class='ocrx_word' id='word_1_215' title='bbox 1043 2916 1222 2994; x_wconf 79' lang='lat' dir='ltr'><strong>Megadorus</strong></span> <span class='ocrx_word' id='word_1_216' title='bbox 1245 2919 1275 2976; x_wconf 92' lang='lat' dir='ltr'><strong>in</strong></span> <span class='ocrx_word' id='word_1_217' title='bbox 1297 2937 1368 2995; x_wconf 90' lang='lat' dir='ltr'><strong>pro·</strong></span> 
     </span>
    </p>
   </div>
   <div class='ocr_carea' id='block_1_5' title="bbox 243 3015 1457 3192">
    <p class='ocr_par' dir='ltr' id='par_1_6' title="bbox 243 3015 1457 3192">
     <span class='ocr_line' id='line_1_25' title="bbox 243 3015 1457 3097; baseline 0.001 -20"><span class='ocrx_word' id='word_1_218' title='bbox 243 3020 322 3077; x_wconf 85' lang='lat' dir='ltr'><strong>rimo</strong></span> <span class='ocrx_word' id='word_1_219' title='bbox 345 3037 432 3076; x_wconf 82' lang='lat' dir='ltr'><strong>versu</strong></span> <span class='ocrx_word' id='word_1_220' title='bbox 456 3015 611 3078; x_wconf 68' lang='lat' dir='ltr'><strong>ontionem</strong></span> <span class='ocrx_word' id='word_1_221' title='bbox 633 3019 753 3096; x_wconf 90' lang='lat' dir='ltr'><strong>repetit.</strong></span> <span class='ocrx_word' id='word_1_222' title='bbox 798 3017 880 3078; x_wconf 88' lang='lat' dir='ltr'><strong>Idem</strong></span> <span class='ocrx_word' id='word_1_223' title='bbox 902 3017 1080 3078; x_wconf 85' lang='lat' dir='ltr'><strong>vocabulum</strong></span> <span class='ocrx_word' id='word_1_224' title='bbox 1102 3019 1150 3078; x_wconf 84' lang='lat' dir='ltr'><strong>hic</strong></span> <span class='ocrx_word' id='word_1_225' title='bbox 1173 3039 1292 3097; x_wconf 85' lang='lat' dir='ltr'><strong>quoque</strong></span> <span class='ocrx_word' id='word_1_226' title='bbox 1313 3029 1368 3097; x_wconf 86' lang='lat' dir='ltr'><strong>po·</strong></span> <span class='ocrx_word' id='word_1_227' title='bbox 1456 3063 1457 3068; x_wconf 49' lang='lat'><strong>.</strong></span> 
     </span>
     <span class='ocr_line' id='line_1_26' title="bbox 244 3119 1450 3192; baseline -0.002 -12"><span class='ocrx_word' id='word_1_228' title='bbox 244 3123 334 3180; x_wconf 91' lang='lat' dir='ltr'><strong>situm</strong></span> <span class='ocrx_word' id='word_1_229' title='bbox 355 3120 446 3179; x_wconf 83' lang='lat' dir='ltr'><strong>fuisse</strong></span> <span class='ocrx_word' id='word_1_230' title='bbox 468 3119 634 3180; x_wconf 84' lang='lat' dir='ltr'><strong>Gulielmus</strong></span> <span class='ocrx_word' id='word_1_231' title='bbox 655 3119 813 3192; x_wconf 80' lang='lat' dir='ltr'><strong>intellexit,</strong></span> <span class='ocrx_word' id='word_1_232' title='bbox 837 3127 868 3180; x_wconf 86' lang='lat' dir='ltr'><strong>et</strong></span> <span class='ocrx_word' id='word_1_233' title='bbox 892 3123 987 3180; x_wconf 89' lang='lat' dir='ltr'><strong>secuti</strong></span> <span class='ocrx_word' id='word_1_234' title='bbox 1011 3127 1084 3180; x_wconf 89' lang='lat' dir='ltr'><strong>sunt</strong></span> <span class='ocrx_word' id='word_1_235' title='bbox 1105 3121 1195 3181; x_wconf 90' lang='lat' dir='ltr'><strong>Both.</strong></span> <span class='ocrx_word' id='word_1_236' title='bbox 1220 3129 1250 3180; x_wconf 92' lang='lat' dir='ltr'><strong>et</strong></span> <span class='ocrx_word' id='word_1_237' title='bbox 1266 3121 1368 3192; x_wconf 80' lang='lat' dir='ltr'><strong>Weis.;</strong></span> <span class='ocrx_word' id='word_1_238' title='bbox 1446 3122 1450 3138; x_wconf 87' lang='lat'><strong>¹</strong></span> 
     </span>
    </p>
   </div>
   <div class='ocr_carea' id='block_1_6' title="bbox 243 3221 1369 3916">
    <p class='ocr_par' dir='ltr' id='par_1_7' title="bbox 243 3221 1369 3916">
     <span class='ocr_line' id='line_1_27' title="bbox 247 3221 1368 3300; baseline -0.001 -19"><span class='ocrx_word' id='word_1_239' title='bbox 247 3221 430 3298; x_wconf 87' lang='lat' dir='ltr'><strong>„curiosam“</strong></span> <span class='ocrx_word' id='word_1_240' title='bbox 462 3225 604 3300; x_wconf 88' lang='lat' dir='ltr'><strong>antiquus</strong></span> <span class='ocrx_word' id='word_1_241' title='bbox 638 3241 721 3281; x_wconf 91' lang='lat' dir='ltr'><strong>error</strong></span> <span class='ocrx_word' id='word_1_242' title='bbox 749 3229 803 3284; x_wconf 89' lang='lat' dir='ltr'><strong>cst.</strong></span> <span class='ocrx_word' id='word_1_243' title='bbox 853 3222 958 3282; x_wconf 84' lang='lat' dir='ltr'><strong>Euclio</strong></span> <span class='ocrx_word' id='word_1_244' title='bbox 991 3223 1040 3282; x_wconf 91' lang='lat' dir='ltr'><strong>hic</strong></span> <span class='ocrx_word' id='word_1_245' title='bbox 1072 3243 1133 3282; x_wconf 88' lang='lat' dir='ltr'><strong>nou</strong></span> <span class='ocrx_word' id='word_1_246' title='bbox 1163 3227 1368 3284; x_wconf 84' lang='lat' dir='ltr'><strong>curiositatem</strong></span> 
     </span>
     <span class='ocr_line' id='line_1_28' title="bbox 243 3324 1367 3403; baseline -0.002 -19"><span class='ocrx_word' id='word_1_247' title='bbox 243 3327 312 3402; x_wconf 80' lang='lat' dir='ltr'><strong>agni</strong></span> <span class='ocrx_word' id='word_1_248' title='bbox 340 3330 461 3384; x_wconf 86' lang='lat' dir='ltr'><strong>accusat</strong></span> <span class='ocrx_word' id='word_1_249' title='bbox 487 3331 521 3384; x_wconf 89' lang='lat' dir='ltr'><strong>ut</strong></span> <span class='ocrx_word' id='word_1_250' title='bbox 542 3344 570 3383; x_wconf 84' lang='lat' dir='ltr'><strong>r.</strong></span> <span class='ocrx_word' id='word_1_251' title='bbox 588 3325 648 3382; x_wconf 80' lang='grc'><strong>461</strong></span> <span class='ocrx_word' id='word_1_252' title='bbox 675 3343 719 3402; x_wconf 90' lang='lat' dir='ltr'><strong>sq.</strong></span> <span class='ocrx_word' id='word_1_253' title='bbox 742 3324 952 3402; x_wconf 81' lang='lat' dir='ltr'><strong>garrulitatem</strong></span> <span class='ocrx_word' id='word_1_254' title='bbox 972 3326 1054 3403; x_wconf 82' lang='lat' dir='ltr'><strong>galli,</strong></span> <span class='ocrx_word' id='word_1_255' title='bbox 1079 3325 1133 3386; x_wconf 88' lang='lat' dir='ltr'><strong>sed</strong></span> <span class='ocrx_word' id='word_1_256' title='bbox 1154 3331 1190 3384; x_wconf 88' lang='lat' dir='ltr'><strong>ut</strong></span> <span class='ocrx_word' id='word_1_257' title='bbox 1212 3327 1367 3386; x_wconf 85' lang='lat' dir='ltr'><strong>tibicinem</strong></span> 
     </span>
     <span class='ocr_line' id='line_1_29' title="bbox 244 3427 1369 3503; baseline 0 -17"><span class='ocrx_word' id='word_1_258' title='bbox 244 3427 381 3486; x_wconf 86' lang='lat' dir='ltr'><strong>bibacem</strong></span> <span class='ocrx_word' id='word_1_259' title='bbox 403 3428 447 3485; x_wconf 86' lang='lat' dir='ltr'><strong>ita</strong></span> <span class='ocrx_word' id='word_1_260' title='bbox 468 3445 576 3503; x_wconf 77' lang='lat' dir='ltr'><strong>agnum</strong></span> <span class='ocrx_word' id='word_1_261' title='bbox 597 3427 685 3486; x_wconf 87' lang='lat' dir='ltr'><strong>nimie</strong></span> <span class='ocrx_word' id='word_1_262' title='bbox 709 3446 840 3486; x_wconf 87' lang='lat' dir='ltr'><strong>macrum</strong></span> <span class='ocrx_word' id='word_1_263' title='bbox 862 3446 926 3486; x_wconf 88' lang='lat' dir='ltr'><strong>esse</strong></span> <span class='ocrx_word' id='word_1_264' title='bbox 948 3431 1095 3503; x_wconf 89' lang='lat' dir='ltr'><strong>queritur.</strong></span> <span class='ocrx_word' id='word_1_265' title='bbox 1130 3427 1261 3488; x_wconf 83' lang='lat' dir='ltr'><strong>Ridiculi</strong></span> <span class='ocrx_word' id='word_1_266' title='bbox 1282 3447 1369 3488; x_wconf 79' lang='lat' dir='ltr'><strong>ceusu</strong></span> 
     </span>
     <span class='ocr_line' id='line_1_30' title="bbox 245 3527 1367 3606; baseline 0 -20"><span class='ocrx_word' id='word_1_267' title='bbox 245 3548 305 3586; x_wconf 88' lang='lat' dir='ltr'><strong>vox</strong></span> <span class='ocrx_word' id='word_1_268' title='bbox 325 3531 448 3606; x_wconf 90' lang='lat' dir='ltr'><strong>ponitur</strong></span> <span class='ocrx_word' id='word_1_269' title='bbox 470 3527 524 3586; x_wconf 85' lang='lat' dir='ltr'><strong>hac</strong></span> <span class='ocrx_word' id='word_1_270' title='bbox 546 3527 763 3604; x_wconf 77' lang='lat' dir='ltr'><strong>significatione</strong></span> <span class='ocrx_word' id='word_1_271' title='bbox 784 3531 902 3604; x_wconf 78' lang='lat' dir='ltr'><strong>ignota,</strong></span> <span class='ocrx_word' id='word_1_272' title='bbox 935 3549 1004 3588; x_wconf 87' lang='lat' dir='ltr'><strong>narn</strong></span> <span class='ocrx_word' id='word_1_273' title='bbox 1026 3533 1161 3589; x_wconf 88' lang='lat' dir='ltr'><strong>curiones</strong></span> <span class='ocrx_word' id='word_1_274' title='bbox 1183 3537 1256 3590; x_wconf 90' lang='lat' dir='ltr'><strong>sunt</strong></span> <span class='ocrx_word' id='word_1_275' title='bbox 1277 3551 1367 3590; x_wconf 88' lang='lat' dir='ltr'><strong>sacer·</strong></span> 
     </span>
     <span class='ocr_line' id='line_1_31' title="bbox 247 3630 1367 3711; baseline 0.001 -22"><span class='ocrx_word' id='word_1_276' title='bbox 247 3630 330 3690; x_wconf 88' lang='lat' dir='ltr'><strong>dotes</strong></span> <span class='ocrx_word' id='word_1_277' title='bbox 343 3631 508 3690; x_wconf 84' lang='lat' dir='ltr'><strong>cnrionalia</strong></span> <span class='ocrx_word' id='word_1_278' title='bbox 519 3650 604 3690; x_wconf 89' lang='lat' dir='ltr'><strong>sacra</strong></span> <span class='ocrx_word' id='word_1_279' title='bbox 616 3630 870 3692; x_wconf 81' lang='lat' dir='ltr'><strong>administrantes.</strong></span> <span class='ocrx_word' id='word_1_280' title='bbox 894 3631 1074 3710; x_wconf 78' lang='lat' dir='ltr'><strong>Megadorus</strong></span> <span class='ocrx_word' id='word_1_281' title='bbox 1085 3633 1235 3692; x_wconf 83' lang='lat' dir='ltr'><strong>rationem</strong></span> <span class='ocrx_word' id='word_1_282' title='bbox 1246 3633 1367 3711; x_wconf 73' lang='lat' dir='ltr'><strong>quaerit;</strong></span> 
     </span>
     <span class='ocr_line' id='line_1_32' title="bbox 245 3732 1368 3809; baseline -0.001 -18"><span class='ocrx_word' id='word_1_283' title='bbox 245 3732 351 3792; x_wconf 89' lang='lat' dir='ltr'><strong>Euclio</strong></span> <span class='ocrx_word' id='word_1_284' title='bbox 374 3734 524 3794; x_wconf 89' lang='lat' dir='ltr'><strong>curionem</strong></span> <span class='ocrx_word' id='word_1_285' title='bbox 546 3752 578 3792; x_wconf 87' lang='lat' dir='ltr'><strong>ee</strong></span> <span class='ocrx_word' id='word_1_286' title='bbox 602 3732 712 3792; x_wconf 80' lang='lat' dir='ltr'><strong>dixisse</strong></span> <span class='ocrx_word' id='word_1_287' title='bbox 734 3735 791 3807; x_wconf 82' lang='lat' dir='ltr'><strong>eit,</strong></span> <span class='ocrx_word' id='word_1_288' title='bbox 821 3735 874 3809; x_wconf 91' lang='lat' dir='ltr'><strong>qui</strong></span> <span class='ocrx_word' id='word_1_289' title='bbox 902 3754 973 3792; x_wconf 89' lang='lat' dir='ltr'><strong>cura</strong></span> <span class='ocrx_word' id='word_1_290' title='bbox 1001 3735 1153 3794; x_wconf 81' lang='lat' dir='ltr'><strong>confectus</strong></span> <span class='ocrx_word' id='word_1_291' title='bbox 1185 3742 1283 3808; x_wconf 89' lang='lat' dir='ltr'><strong>esset;</strong></span> <span class='ocrx_word' id='word_1_292' title='bbox 1310 3740 1368 3794; x_wconf 77' lang='lat' dir='ltr'><strong>tem</strong></span> 
     </span>
     <span class='ocr_line' id='line_1_33' title="bbox 246 3835 1368 3916; baseline 0 -22"><span class='ocrx_word' id='word_1_293' title='bbox 246 3855 377 3894; x_wconf 85' lang='lat' dir='ltr'><strong>macrum</strong></span> <span class='ocrx_word' id='word_1_294' title='bbox 400 3837 478 3894; x_wconf 90' lang='lat' dir='ltr'><strong>enim</strong></span> <span class='ocrx_word' id='word_1_295' title='bbox 507 3855 570 3894; x_wconf 91' lang='lat' dir='ltr'><strong>esse</strong></span> <span class='ocrx_word' id='word_1_296' title='bbox 599 3852 721 3910; x_wconf 81' lang='lat' dir='ltr'><strong>sgnum,</strong></span> <span class='ocrx_word' id='word_1_297' title='bbox 755 3841 789 3894; x_wconf 91' lang='lat' dir='ltr'><strong>ut</strong></span> <span class='ocrx_word' id='word_1_298' title='bbox 809 3835 866 3896; x_wconf 90' lang='lat' dir='ltr'><strong>hoc</strong></span> <span class='ocrx_word' id='word_1_299' title='bbox 892 3839 1041 3916; x_wconf 87' lang='lat' dir='ltr'><strong>suspicari</strong></span> <span class='ocrx_word' id='word_1_300' title='bbox 1067 3837 1183 3896; x_wconf 88' lang='lat' dir='ltr'><strong>liceret.</strong></span> <span class='ocrx_word' id='word_1_301' title='bbox 1240 3835 1368 3896; x_wconf 84' lang='lat' dir='ltr'><strong>Comme-</strong></span> 
     </span>
    </p>
   </div>
   <div class='ocr_carea' id='block_1_7' title="bbox 246 3936 1457 4018">
    <p class='ocr_par' dir='ltr' id='par_1_8' title="bbox 246 3936 1457 4018">
     <span class='ocr_line' id='line_1_34' title="bbox 246 3936 1457 4018; baseline -0.003 -22"><span class='ocrx_word' id='word_1_302' title='bbox 246 3938 375 3996; x_wconf 86' lang='lat' dir='ltr'><strong>moravit</strong></span> <span class='ocrx_word' id='word_1_303' title='bbox 389 3937 446 3997; x_wconf 89' lang='lat' dir='ltr'><strong>boc</strong></span> <span class='ocrx_word' id='word_1_304' title='bbox 462 3937 564 3998; x_wconf 91' lang='lat' dir='ltr'><strong>Plauti</strong></span> <span class='ocrx_word' id='word_1_305' title='bbox 580 3936 738 3996; x_wconf 87' lang='lat' dir='ltr'><strong>dicterium</strong></span> <span class='ocrx_word' id='word_1_306' title='bbox 756 3937 839 3996; x_wconf 88' lang='lat' dir='ltr'><strong>Festi</strong></span> <span class='ocrx_word' id='word_1_307' title='bbox 849 3937 933 4018; x_wconf 84' lang='lat' dir='ltr'><strong>Epit.</strong></span> <span class='ocrx_word' id='word_1_308' title='bbox 951 3959 983 4017; x_wconf 92' lang='lat' dir='ltr'><strong>p.</strong></span> <span class='ocrx_word' id='word_1_309' title='bbox 997 3940 1046 3999; x_wconf 84' lang='lat'><strong>60.</strong></span> <span class='ocrx_word' id='word_1_310' title='bbox 1081 3938 1166 4010; x_wconf 80' lang='lat' dir='ltr'><strong>Quod</strong></span> <span class='ocrx_word' id='word_1_311' title='bbox 1183 3937 1366 3998; x_wconf 79' lang='lat' dir='ltr'><strong>Franckenic</strong></span> <span class='ocrx_word' id='word_1_312' title='bbox 1456 3987 1457 3992; x_wconf 73' lang='grc'>,</span> 
     </span>
    </p>
   </div>
   <div class='ocr_carea' id='block_1_8' title="bbox 246 4041 1457 4118">
    <p class='ocr_par' dir='ltr' id='par_1_9' title="bbox 246 4041 1457 4118">
     <span class='ocr_line' id='line_1_35' title="bbox 246 4041 1457 4118; baseline -0.002 -19"><span class='ocrx_word' id='word_1_313' title='bbox 246 4041 279 4099; x_wconf 90' lang='lat' dir='ltr'><strong>iu</strong></span> <span class='ocrx_word' id='word_1_314' title='bbox 300 4046 429 4100; x_wconf 89' lang='lat' dir='ltr'><strong>mentem</strong></span> <span class='ocrx_word' id='word_1_315' title='bbox 450 4041 546 4114; x_wconf 88' lang='lat' dir='ltr'><strong>venit,</strong></span> <span class='ocrx_word' id='word_1_316' title='bbox 575 4041 710 4117; x_wconf 70' lang='lat' dir='ltr'><strong>eriperer,</strong></span> <span class='ocrx_word' id='word_1_317' title='bbox 740 4043 760 4100; x_wconf 91' lang='lat' dir='ltr'><strong>i.</strong></span> <span class='ocrx_word' id='word_1_318' title='bbox 784 4060 809 4100; x_wconf 89' lang='lat' dir='ltr'><strong>e.</strong></span> <span class='ocrx_word' id='word_1_319' title='bbox 835 4059 928 4118; x_wconf 79' lang='lat' dir='ltr'><strong>agnus</strong></span> <span class='ocrx_word' id='word_1_320' title='bbox 954 4041 1099 4114; x_wconf 82' lang='lat' dir='ltr'><strong>Athenis,</strong></span> <span class='ocrx_word' id='word_1_321' title='bbox 1131 4059 1223 4116; x_wconf 87' lang='lat' dir='ltr'><strong>quum</strong></span> <span class='ocrx_word' id='word_1_322' title='bbox 1245 4059 1321 4118; x_wconf 88' lang='lat' dir='ltr'><strong>puer</strong></span> <span class='ocrx_word' id='word_1_323' title='bbox 1341 4042 1368 4096; x_wconf 89' lang='lat' dir='ltr'><strong>in</strong></span> <span class='ocrx_word' id='word_1_324' title='bbox 1456 4085 1457 4088; x_wconf 18' lang='grc' dir='ltr'>ι</span> 
     </span>
    </p>
   </div>
   <div class='ocr_carea' id='block_1_9' title="bbox 246 4136 1366 4219">
    <p class='ocr_par' dir='ltr' id='par_1_10' title="bbox 246 4136 1366 4219">
     <span class='ocr_line' id='line_1_36' title="bbox 246 4136 1366 4219; baseline 0.001 -20"><span class='ocrx_word' id='word_1_325' title='bbox 246 4141 413 4219; x_wconf 86' lang='lat' dir='ltr'><strong>phratriam</strong></span> <span class='ocrx_word' id='word_1_326' title='bbox 435 4142 662 4216; x_wconf 86' lang='lat' dir='ltr'><strong>inscribebatur,</strong></span> <span class='ocrx_word' id='word_1_327' title='bbox 685 4136 862 4216; x_wconf 82' lang='lat' dir='ltr'><strong>immolatus,</strong></span> <span class='ocrx_word' id='word_1_328' title='bbox 885 4145 974 4202; x_wconf 87' lang='lat' dir='ltr'><strong>nimis</strong></span> <span class='ocrx_word' id='word_1_329' title='bbox 998 4147 1146 4202; x_wconf 89' lang='lat' dir='ltr'><strong>remotum</strong></span> <span class='ocrx_word' id='word_1_330' title='bbox 1168 4149 1223 4202; x_wconf 89' lang='lat' dir='ltr'><strong>est.</strong></span> <span class='ocrx_word' id='word_1_331' title='bbox 1247 4173 1291 4183; x_wconf 95' lang='lat'>—</span> <span class='ocrx_word' id='word_1_332' title='bbox 1313 4145 1366 4202; x_wconf 86' lang='grc'><strong>555</strong></span> 
     </span>
    </p>
   </div>
   <div class='ocr_carea' id='block_1_10' title="bbox 248 4243 1446 4428">
    <p class='ocr_par' dir='ltr' id='par_1_11' title="bbox 248 4243 1446 4428">
     <span class='ocr_line' id='line_1_37' title="bbox 248 4243 1446 4324; baseline -0.001 -23"><span class='ocrx_word' id='word_1_333' title='bbox 248 4243 336 4302; x_wconf 84' lang='lat' dir='ltr'><strong>affert</strong></span> <span class='ocrx_word' id='word_1_334' title='bbox 357 4243 472 4303; x_wconf 88' lang='lat' dir='ltr'><strong>Nonius</strong></span> <span class='ocrx_word' id='word_1_335' title='bbox 494 4265 524 4322; x_wconf 92' lang='lat' dir='ltr'><strong>p.</strong></span> <span class='ocrx_word' id='word_1_336' title='bbox 544 4245 592 4303; x_wconf 82' lang='lat'><strong>86.</strong></span> <span class='ocrx_word' id='word_1_337' title='bbox 616 4273 660 4285; x_wconf 87' lang='lat'><em>-</em></span> <span class='ocrx_word' id='word_1_338' title='bbox 683 4247 743 4304; x_wconf 87' lang='grc'><strong>556</strong></span> <span class='ocrx_word' id='word_1_339' title='bbox 766 4245 987 4324; x_wconf 68' lang='lat' dir='ltr'><strong>inemptos,</strong></span> <span class='ocrx_word' id='word_1_340' title='bbox 1011 4263 1129 4320; x_wconf 84' lang='lat' dir='ltr'><strong>exque</strong></span> <span class='ocrx_word' id='word_1_341' title='bbox 1153 4246 1257 4305; x_wconf 76' lang='lat' dir='ltr'><strong>manet</strong></span> <span class='ocrx_word' id='word_1_342' title='bbox 1277 4263 1367 4304; x_wconf 86' lang='lat' dir='ltr'><strong>emen·</strong></span> <span class='ocrx_word' id='word_1_343' title='bbox 1435 4244 1446 4273; x_wconf 74' lang='lat'>²</span> 
     </span>
     <span class='ocr_line' id='line_1_38' title="bbox 249 4342 1367 4428; baseline -0.001 -25"><span class='ocrx_word' id='word_1_344' title='bbox 249 4344 352 4404; x_wconf 82' lang='lat' dir='ltr'><strong>datum</strong></span> <span class='ocrx_word' id='word_1_345' title='bbox 368 4353 423 4405; x_wconf 81' lang='lat' dir='ltr'><strong>est.</strong></span> <span class='ocrx_word' id='word_1_346' title='bbox 447 4375 490 4386; x_wconf 90' lang='lat'>-</span> <span class='ocrx_word' id='word_1_347' title='bbox 511 4361 585 4406; x_wconf 80' lang='lat' dir='ltr'><strong>ossa</strong></span> <span class='ocrx_word' id='word_1_348' title='bbox 607 4361 643 4406; x_wconf 83' lang='lat' dir='ltr'><strong>oc</strong></span> <span class='ocrx_word' id='word_1_349' title='bbox 658 4342 764 4422; x_wconf 75' lang='lat' dir='ltr'><strong>pellic,</strong></span> <span class='ocrx_word' id='word_1_350' title='bbox 786 4348 823 4408; x_wconf 79' lang='lat' dir='ltr'><strong>cl.</strong></span> <span class='ocrx_word' id='word_1_351' title='bbox 839 4346 925 4428; x_wconf 83' lang='lat' dir='ltr'><strong>Oapt.</strong></span> <span class='ocrx_word' id='word_1_352' title='bbox 940 4349 1011 4406; x_wconf 83' lang='grc'><strong>135.</strong></span> <span class='ocrx_word' id='word_1_353' title='bbox 1045 4347 1169 4406; x_wconf 86' lang='lat' dir='ltr'><strong>Theocr.</strong></span> <span class='ocrx_word' id='word_1_354' title='bbox 1183 4348 1213 4420; x_wconf 82' lang='lat'><strong>2,</strong></span> <span class='ocrx_word' id='word_1_355' title='bbox 1228 4347 1283 4406; x_wconf 78' lang='lat'><strong>89:</strong></span> <span class='ocrx_word' id='word_1_356' title='bbox 1307 4345 1367 4404; x_wconf 72' lang='lat' dir='ltr'><strong>atri</strong></span> 
     </span>
    </p>
   </div>
   <div class='ocr_carea' id='block_1_11' title="bbox 0 0 1481 5010">
    <p class='ocr_par' dir='ltr' id='par_1_12' title="bbox 0 0 1481 5010">
     <span class='ocr_line' id='line_1_39' title="bbox 0 0 1481 5010; baseline 0 0"><span class='ocrx_word' id='word_1_357' title='bbox 0 0 1481 5010; x_wconf 95' lang='lat' dir='ltr'><strong> </strong></span> 
     </span>
    </p>
   </div>
  </div>
 </body>
</html>
