2916 5006
544 489 576 544 v.
598 493 742 546 ces-sss.
876 507 878 512 .
1139 499 1200 560 415

62 689 171 766 prima
201 687 317 762 syllaba
343 685 529 763 producitur.
573 685 610 745 H.
641 687 660 744 l.
690 687 790 746 Herm.
816 687 950 762 „Recede
979 685 1030 746 tu“
1068 691 1199 764 scripsit,

63 793 161 852 Both.
186 791 222 849 R.
246 790 292 848 Fl.
319 787 496 862 „secedim
518 817 562 828 -
582 783 787 865 propudium,
811 810 859 848 res
881 791 1030 868 pudenda,
1054 811 1110 868 pro
1133 811 1201 851 con·

61 899 151 956 vicio
181 895 313 971 ponitur,
337 912 365 950 v.
389 889 472 950 Gurc.
500 893 568 950 190.
602 891 694 950 Poen.
720 893 790 952 270.
813 923 856 932 —
880 895 950 954 578.
982 890 1039 953 tris
1061 893 1202 952 scribitur

61 1000 115 1057 hic
144 1001 176 1055 et
202 997 277 1068 649,
308 1015 362 1052 nec
390 994 533 1052 rariorem
561 992 687 1052 formam
715 994 843 1054 abiicere
865 996 961 1068 volui,
987 996 1022 1056 cf.
1046 995 1200 1055 Bilcbeler.

60 1101 138 1160 Lat.
165 1098 355 1157 Declination
379 1093 395 1170 ἓ
422 1097 497 1167 140;
525 1093 623 1168 ,tres“
651 1099 732 1154 extat
754 1116 781 1154 v.
806 1099 877 1156 827.
900 1127 943 1138 -
966 1093 1078 1172 latum,
1107 1117 1202 1175 panes

60 1205 153 1262 enim
173 1204 353 1260 rusticorum
372 1199 523 1257 hominum
543 1197 693 1257 interdum
718 1203 821 1257 tenues
844 1205 930 1258 erant
952 1207 983 1260 et
998 1201 1058 1260 late
1077 1201 1200 1273 diducti,

60 1305 180 1384 quales
210 1303 361 1378 Vergilius
391 1301 534 1360 describit
561 1299 661 1359 Moret
690 1303 745 1360 48:
789 1299 902 1374 „Levat
934 1321 1007 1380 opus
1038 1305 1201 1380 palmisque

61 1427 159 1467 suum
193 1406 301 1464 dilatat
330 1409 362 1463 in
391 1403 509 1477 orbem,
543 1401 584 1460 Et
617 1408 703 1460 notat
726 1383 887 1480 =impressis
917 1425 1001 1481 aequo
1031 1407 1201 1466 discrimine

60 1505 237 1588 quadris“;
260 1508 296 1566 cl.
316 1505 417 1566 Senso.
436 1505 537 1564 Benef.
554 1505 605 1578 IV,
626 1508 674 1576 29,
701 1507 728 1564 2.
763 1505 851 1564 Mart.
870 1507 922 1580 IX,
947 1511 996 1581 91,
1024 1510 1071 1568 18.
1107 1509 1202 1567 Huius

60 1613 195 1688 generis
217 1610 339 1668 fuerunt
361 1609 472 1668 adorea
494 1607 564 1681 liba,
588 1629 653 1686 quas
671 1609 775 1667 AEneae
797 1612 885 1668 sociis
907 1631 962 1687 pro
980 1612 1088 1669 mensis
1107 1617 1200 1684 erant,

60 1716 242 1789 ceterisque
273 1713 396 1771 comesis
433 1717 462 1770 et
495 1712 561 1788 ipsa
589 1712 711 1770 ambesa
745 1717 827 1784 sunt,
856 1711 926 1771 AEn.
951 1711 1020 1785 VII,
1054 1711 1111 1772 109
1136 1733 1201 1790 sqq.

59 1849 107 1858 —-
137 1818 214 1874 579.
248 1809 368 1890 Ecquis
391 1819 447 1872 etc.
493 1813 577 1886 Hac,
612 1815 637 1871 si
665 1813 749 1872 codd.
774 1814 938 1889 sequimur,
973 1835 1048 1892 puer
1075 1815 1201 1886 clamat3

58 1921 209 1980 editores
226 1919 358 1995 parasito
382 1920 549 1978 orationem
573 1919 756 1988 continuant,
780 1919 890 1994 quippe
914 1919 965 1994 qui
982 1937 1106 1994 puerum
1123 1937 1201 1974 rece·

58 2025 142 2082 dere
163 2019 282 2096 jubeat,
305 2027 339 2078 ut
361 2021 424 2097 ipss
446 2019 556 2096 pulset.
592 2017 698 2090 Rects;
722 2039 790 2078 nam
807 2022 982 2096 parasitum,
1007 2020 1078 2096 quia
1094 2019 1203 2077 fortius

58 2127 240 2204 pulsasset,
271 2123 410 2196 obiurgat
432 2120 627 2192 Pistoclerus,
656 2141 716 2179 non
731 2141 873 2204 puerum.
918 2116 967 2180 bia
989 2141 1092 2179 versus
1116 2141 1203 2178 causa

58 2228 175 2288 omisit
193 2224 339 2301 Scaliger3
364 2223 483 2284 Miiller.
506 2220 656 2296 ,hauseis“
678 2223 768 2282 scribi
791 2223 904 2294 maluit,
929 2223 981 2280 sed
1004 2223 1038 2281 F.
1058 2223 1201 2282 Schmidt.

57 2333 194 2399 docuit,
222 2325 323 2385 Plauti
353 2345 439 2384 usum
473 2321 590 2398 ,hisce“
621 2327 782 2402 requirere.
806 2355 847 2364 -
873 2327 942 2385 581.
974 2320 1079 2401 Ecqui
1099 2345 1203 2384 versus

57 2452 162 2494 causa
186 2429 299 2488 Ritsch.

165 2533 237 2592 582.
262 2527 315 2608 qui
337 2551 426 2608 quum
449 2549 507 2589 non
531 2531 759 2606 intelligeretur,
784 2530 829 2590 ed.
852 2551 898 2608 pr.
926 2528 1060 2604 „Quae“;
1084 2537 1117 2589 ut
1134 2531 1201 2590 Aul.

61 2641 153 2709 6233
192 2633 243 2692 ssd
272 2634 387 2711 syllaba
415 2633 509 2691 deest.
555 2633 605 2692 R.:
644 2631 759 2706 „Quidi
790 2653 866 2711 quae
888 2637 917 2692 te
941 2632 1033 2693 ...?“
1079 2633 1203 2692 Mallem

59 2743 200 2801 saltem:
238 2737 337 2810 „Quae
359 2735 468 2808 nam“·,
491 2735 543 2794 sed
565 2740 664 2813 potius
689 2736 778 2795 credo
801 2743 869 2794 ante
893 2731 946 2812 qui
968 2735 1110 2795 excidisse
1134 2729 1203 2795 Pol.

63 2842 150 2920 ,Pol
175 2835 247 2916 qui“
273 2839 383 2898 dicitur
404 2845 439 2897 ut
463 2839 522 2914 „At
544 2839 594 2913 pol
618 2836 687 2914 qui“
715 2845 745 2896 et
770 2838 903 2914 ,Edepol
927 2835 1009 2914 qui“,
1033 2838 1070 2896 de
1094 2857 1152 2914 quo
1175 2859 1202 2896 v.

58 2947 103 3006 ad
131 2941 247 3018 Amph.
273 2944 332 3001 698
357 2948 386 3000 et
410 2943 481 3000 769.
510 2969 553 2978 -
585 2943 654 3000 583.
691 2941 840 3014 extentes,
870 2961 1022 3012 exerceaS,
1053 2941 1088 2998 cs.
1113 2939 1201 2998 Most.

60 3051 151 3109 584:
181 3043 394 3116 „Uenistihuc
412 3049 443 3101 te
468 3040 693 3100 extentatum?“
737 3043 847 3100 Lucret
863 3043 916 3115 111,
941 3045 1020 3101 490:
1052 3047 1203 3114 ,extentat

56 3143 217 3212 neruos“.
241 3175 283 3185 --
313 3148 383 3205 586.
418 3145 449 3204 Si
476 3165 579 3204 versus
609 3147 725 3218 integer
755 3153 814 3216 est,
846 3145 948 3202 hiatur
976 3149 1046 3222 post
1067 3136 1202 3202 Bacchi-

60 3253 153 3314 dem.
180 3248 268 3307 Botb.
293 3248 328 3308 R.
351 3247 396 3306 Fl.
425 3243 618 3320 ,Utrumne“.
644 3275 680 3286 -
708 3247 777 3305 587.
811 3240 927 3306 Paucis
949 3265 1007 3303 non
1031 3265 1095 3303 cum
1117 3241 1202 3304 misit

56 3349 273 3431 iungendum,
299 3349 351 3409 sed
373 3369 428 3427 per
451 3369 482 3407 se
505 3349 746 3424 intelligendum:
781 3349 912 3406 breviter
935 3347 1039 3406 dicam.
1067 3377 1103 3386 -
1129 3349 1199 3405 589.

56 3454 204 3524 Elatea,
241 3451 381 3512 Phocidis
419 3452 491 3510 urbs
526 3452 683 3509 Menandri
722 3456 819 3509 aetate
852 3453 925 3510 satis
958 3449 1081 3522 nobilis,
1117 3450 1199 3507 cuius

56 3564 216 3642 princeps
236 3553 372 3613 Mnaseas
390 3559 420 3612 et
436 3554 634 3632 philosophias
657 3573 777 3631 operam
801 3553 890 3612 dabat
913 3559 943 3611 et
964 3555 1061 3630 pictas
1083 3551 1200 3610 tabulas

56 3659 191 3739 ingenti
213 3659 340 3734 pecunia
369 3656 495 3716 emebat.
522 3685 557 3696 -
592 3659 661 3716 590.
695 3655 805 3734 negato
835 3671 902 3715 esse
929 3653 1047 3714 ituram
1074 3655 1201 3713 forsitan

57 3765 145 3826 ferri
177 3761 287 3837 possit,
321 3779 349 3818 v.
378 3757 494 3835 Proleg.
524 3779 553 3836 p.
587 3761 661 3831 198,
697 3779 874 3836 quamquam
904 3758 997 3816 multo
1031 3757 1135 3815 melior
1167 3755 1202 3814 fit

56 3884 195 3935 versus,
225 3862 249 3919 si
272 3881 337 3919 cum
361 3861 527 3919 Hermanus
550 3875 617 3919 esse
640 3861 746 3920 deleas.
791 3861 971 3920 Ritschelius
999 3861 1110 3936 partim
1133 3861 1200 3916 Aci-

58 3969 189 4030 dalium
213 3969 330 4022 secutus
358 3971 465 4040 ,negat
487 3959 549 4036 se“,
575 3963 655 4039 quod
678 3965 743 4021 iure
766 3964 916 4042 improbat
937 3961 1056 4020 Miiller.
1077 3981 1106 4038 p.
1128 3961 1199 4032 645,

57 4071 138 4134 coll.
164 4067 313 4144 Pompon.
336 4086 364 4124 v.
392 4067 464 4124 147:
503 4069 607 4142 „pater
630 4063 731 4139 adest,
760 4071 871 4140 negato
900 4085 963 4124 esse
988 4063 1034 4120 hic
1058 4059 1135 4119 me“.
1159 4091 1201 4099 —

59 4177 145 4236 591.
171 4162 249 4229 Duc
273 4169 308 4241 te,
332 4167 392 4226 vid.
416 4168 454 4228 ad
476 4167 583 4243 Amph.
610 4169 700 4226 1058.
724 4195 767 4206 -
792 4169 860 4227 592.
884 4163 931 4226 At
957 4162 1024 4225 scio
1048 4179 1149 4240 quom,
1171 4183 1199 4220 v.

57 4278 101 4338 ad
131 4271 244 4348 Amph.
270 4271 340 4329 352.
364 4301 405 4310 -
431 4272 500 4329 599.
535 4265 634 4329 hercle
656 4273 788 4347 priorem
812 4270 952 4345 corripit,
976 4287 1003 4326 v.
1028 4265 1146 4339 Proleg.
1170 4283 1199 4340 p.

58 4379 143 4440 204.
187 4373 223 4433 R.
247 4379 278 4432 et
299 4373 346 4440 Fl.
369 4373 525 4432 licentius:
551 4371 614 4447 „Ns
637 4372 694 4430 tibi
715 4371 765 4448 pol
788 4371 862 4430 haut
884 4372 971 4447 longe
994 4389 1026 4426 os
1051 4367 1087 4425 ab
1110 4367 1199 4426 infor
