2932 5010
550 557 582 612 V·
602 559 746 612 426-440·
1075 573 1083 588 ’
1149 565 1211 626 323

175 752 244 810 436.
273 749 554 813 sentententiam
582 753 650 814 edd.
673 773 768 830 usque
796 753 834 811 ed
857 751 983 813 Franck.
1006 754 1213 828 interrogandi

97 855 203 930 signum
231 864 363 932 ponunt,
397 875 451 914 nec
482 860 574 915 ceteri
604 856 716 928 solum,
751 855 804 913 sed
834 855 922 913 111111
946 853 1031 914 Both.
1054 861 1086 914 et
1107 855 1210 930 Weis,

98 957 143 1030 qui
162 961 241 1014 recte
263 958 476 1017 intellexerunt
498 960 636 1036 proxima
658 957 757 1030 verba,
788 977 853 1036 qum
877 957 968 1018 codd:
985 957 1120 1016 Euclioni
1144 979 1212 1018 oon·

95 1059 219 1131 11111111,
253 1079 349 1136 coquo
376 1061 537 1120 tribuenda
570 1081 644 1119 esse.
699 1059 804 1118 Euclio
837 1060 913 1118 nihil
945 1063 1123 1138 interroget,
1157 1081 1212 1120 nec

96 1179 258 1237 responsum
281 1168 434 1240 expectat,
470 1163 523 1222 sed
552 1168 701 1222 sententia
729 1183 784 1222 sus
806 1163 887 1224 dicta
910 1165 1029 1224 domum
1052 1164 1144 1238 redit,
1178 1169 1213 1222 ut

95 1263 178 1321 ollam
206 1269 319 1337 servet3
344 1285 457 1344 coquus
480 1287 547 1324 eum
570 1285 698 1324 manere·
716 1265 806 1337 iubet,
830 1271 864 1324 ut
881 1285 953 1324 vase
969 1267 1025 1325 sibi
1043 1267 1157 1326 reddet.
1170 1295 1213 1306 -

95 1367 159 1424 437.
181 1367 306 1426 Versum
317 1367 405 1425 affert
417 1368 530 1426 Nonius
542 1389 572 1446 p.
590 1370 649 1428 152
663 1369 800 1427 omnibns
816 1367 922 1426 iisdem
940 1369 1048 1442 verbis,
1061 1373 1121 1429 nisi
1133 1370 1213 1446 quod

93 1473 166 1526 recte
189 1469 334 1528 scribitur
354 1466 453 1530 reddi.
498 1471 542 1529 Ne
565 1471 666 1550 ultera·
682 1489 786 1529 versus
804 1489 873 1546 pars
891 1489 909 1528 a
927 1473 1034 1531 cretico
1057 1475 1212 1551 inciperet,

93 1568 173 1628 Both.
205 1574 281 1644 ,nisi
310 1569 365 1645 si“,
399 1573 506 1650 Wagn.
537 1576 614 1646 „iam
643 1570 721 1632 iam“
753 1575 947 1650 scripserunt.
970 1603 1013 1616 -
1041 1575 1213 1634 Proximum

93 1691 201 1731 versum
224 1673 312 1732 offert
334 1675 447 1734 Nonius
469 1695 499 1753 p.
525 1677 584 1736 152
609 1683 639 1734 11
661 1678 738 1735 284:
783 1676 877 1748 „Mihi
899 1695 970 1734 vcsa
992 1676 1085 1748 iubes,
1108 1679 1213 1754 pipulo

92 1779 119 1832 11
140 1774 273 1835 ditiorem
296 1783 365 1836 ante
387 1776 498 1837 aedis“.
543 1777 643 1836 Etiam
666 1778 762 1836 Varro
785 1777 818 1836 L.
843 1777 876 1836 L.
900 1778 965 1850 Vll,
992 1780 1061 1850 103,
1090 1781 1212 1858 ,pipulo

92 1883 119 1933 te
146 1876 281 1937 differam
311 1886 380 1938 ante
408 1879 521 1940 aedis“.
567 1880 625 1940 Sed
653 1881 682 1940 te
710 1883 741 1940 in
769 1888 829 1938 tam
858 1881 942 1939 brevi
970 1882 1084 1939 ambitu
1116 1883 1213 1958 repeti
1286 1921 1300 1938 ,

92 1997 146 2037 non
168 1983 285 2056 potuit;
308 1977 358 2042 hic
377 2001 449 2040 vero
468 1984 655 2059 aptissimum
674 1989 727 2040 est.
761 1983 945 2060 Principium
963 2003 1067 2042 versus
1083 1983 1210 2057 laborat,

92 2083 143 2138 nisi
171 2089 224 2141 sut
245 2085 436 2162 transpositis
457 2085 556 2143 verbis
580 2085 693 2144 scribas
720 2085 824 2158 „Iubes
847 2085 919 2144 mihi
941 2083 1043 2157 ueso“,
1067 2093 1120 2144 sut·
1142 2091 1212 2144 ante
1294 2104 1295 2107 ’

93 2183 228 2261 ,pipulo“
255 2185 347 2244 addes
373 2185 478 2261 „ego“.
515 2187 644 2247 Francis.
671 2187 733 2262 „Mi
755 2207 827 2245 uase
848 2187 933 2245 iubes
955 2207 1029 2260 mea,
1052 2185 1208 2265 pipulod.“

91 2285 240 2362 Equidem,
249 2289 274 2345 si
286 2289 406 2348 fortiter
418 2271 568 2364 corrigere
581 2291 662 2363 licet,
671 2295 830 2366 utrumque
842 2309 961 2348 versum
974 2292 1015 2348 sic
1027 2291 1211 2366 scripserim:

191 2390 241 2448 ltu
263 2410 316 2448 me.
333 2391 470 2450 Lauerna
491 2393 566 2450 bene
589 2399 676 2465 amet,
700 2392 737 2450 ’11
757 2394 817 2450 iam
840 2394 898 2450 nisi
919 2393 1006 2450 reddi

192 2493 271 2550 Mihi
292 2512 364 2552 vasa
386 2495 480 2566 iubes,
503 2501 534 2553 te
556 2495 660 2572 pipulo
682 2495 731 2552 hic
753 2493 890 2552 differem
913 2501 980 2556 aute
1004 2495 1096 2554 sedis.

89 2593 123 2650 111
148 2597 226 2653 euim
255 2615 331 2672 aegre
359 2595 512 2669 desider03
546 2597 631 2655 abest
658 2595 734 2654 illud
763 2597 881 2673 quidem
905 2596 973 2655 Ter.
997 2597 1072 2656 Eun.
1096 2599 1159 2655 474
1182 2602 1212 2655 et

91 2697 155 2768 615,
184 2697 238 2754 sed
260 2703 405 2774 sequente
426 2700 578 2776 praesenti.
592 2692 822 2759 -Lavcrttam
843 2701 970 2772 invocat,
994 2699 1091 2756 forum
1115 2699 1210 2772 deum,

89 2803 186 2857 notam
209 2819 248 2857 ex
270 2800 373 2859 Horat.
398 2800 454 2878 Ep.
477 2801 506 2873 I,
535 2804 588 2874 16,
619 2804 672 2861 60:
711 2801 858 2873 ,Pulchra
880 2801 1030 2873 Lauerna,
1064 2800 1111 2859 Da
1137 2801 1211 2858 mihi

88 2900 201 2974 fallere,
226 2902 265 2960 da
287 2903 366 2961 iusto
389 2909 551 2993 senctoque
573 2903 679 2975 videri,
703 2903 827 2961 Noctem
849 2905 979 2980 peccetis
1001 2909 1032 2962 11
1054 2903 1210 2962 fraudibus

88 3001 177 3062 obiice
205 3001 351 3078 nubem“;
386 3005 422 3063 ol.
452 3011 607 3064 comment.
643 3005 682 3062 ed
710 3005 739 3062 h.
768 3005 788 3064 1.
818 3011 848 3063 11
876 3025 967 3081 supra
1000 3004 1037 3064 od
1068 3007 1139 3063 314.
1169 3035 1211 3046 -

84 3101 228 3180 phalam
251 3108 414 3166 convicium
438 3127 501 3166 esse
524 3107 734 3180 docetVarro;
758 3107 850 3180 addit,
875 3108 1075 3184 quodminus
1099 3111 1211 3165 certum

87 3213 143 3281 181,
178 3209 360 3267 declinatum
391 3229 453 3268 esse
476 3231 493 3267 a
515 3211 620 3286 pipstu
643 3210 802 3286 pullorum.
849 3209 978 3268 11111.
1005 3210 1081 3267 585:
1119 3210 1211 3280 „satis

87 3311 186 3386 pipulo
215 3313 311 3388 impio
340 3313 434 3369 merui
462 3309 564 3371 mali“.
627 3305 755 3385 differre
782 3311 899 3370 Nonius
934 3331 963 3389 p.
999 3313 1060 3369 284
1091 3316 1211 3369 enarrat

90 3412 271 3486 ,diffamare
296 3409 469 3488 divulgere“
483 3413 593 3473 Lucilii
616 3419 647 3472 et
663 3415 807 3472 Varronis
829 3413 939 3472 similes
961 3413 1044 3473 locos
1067 3413 1209 3486 affereus;

87 3513 120 3572 cf.
143 3515 251 3575 Pseud.
277 3517 353 3575 359:
380 3515 462 3588 ,Iam
485 3534 540 3590 ego
563 3521 593 3574 te
617 3516 750 3576 differam
774 3517 862 3575 dictis
885 3512 989 3574 meis“.
1035 3515 1102 3575 Ter.
1115 3515 1209 3575 Andr.

86 3617 161 3675 408:
199 3616 390 3691 „Orationem
413 3624 516 3694 sperat
537 3619 685 3677 invenisse
708 3639 754 3692 se,
784 3615 1068 3691 1111111111τῶ.
1113 3617 1209 3678 Csecil.

85 3735 110 3775 v.
137 3721 211 3777 157:
241 3719 381 3791 „differor
403 3739 539 3779 sermone
561 3718 698 3780 misere“.
743 3719 828 3797 Saepe
850 3722 1040 3798 posteriores,
1064 3727 1099 3779 11
1114 3721 1210 3796 Tacit.

85 3821 159 3880 hun.
188 3825 214 3894 l,
239 3823 274 3880 4:
307 3824 514 3894 ,imminentes
538 3823 675 3883 dominos
696 3825 788 3882 variis
810 3823 979 3882 rumoribus
1002 3821 1209 3882 differebant“.

169 3924 241 3982 439.
265 3923 367 3983 Finito
391 3927 524 3984 convicio
543 3926 661 4002 relique
678 3927 856 4002 septenariis
872 3925 1033 3984 trochaicis
1049 3931 1210 4002 111111111-
1320 3937 1326 3952 ·

86 4030 143 4084 tur.
169 4055 208 4066 -—
234 4027 306 4086 440.
341 4041 482 4100 nummo),
518 4027 649 4100 argenti,
683 4033 717 4086 ut
746 4035 793 4086 est
813 4028 921 4086 Pseud.
947 4029 996 4086 97.
1051 4027 1210 4084 Nummum

86 4125 227 4186 drachma
253 4131 396 4187 maiorem
425 4147 489 4188 esse
518 4134 645 4206 apparet
668 4149 705 4188 ex
727 4128 834 4188 Pseud.
859 4131 934 4187 813:
972 4129 1039 4202 ,Illi
1061 4129 1209 4188 drachmis

86 4235 151 4288 sunt
180 4232 297 4304 miseri,
332 4249 379 4289 me
411 4251 499 4290 nemo
532 4235 633 4308 poteit
661 4231 790 4290 Minoris
818 4233 974 4308 quisquam
1006 4251 1141 4304 nummo,
1175 4237 1210 4290 ut

85 4349 217 4408 surgam,
251 4331 419 4410 subigere“.
486 4331 605 4392 Etenim
639 4333 691 4393 ubi
724 4353 861 4393 nummus
893 4333 1067 4411 simpliciter
1100 4333 1211 4391 dicitur

85 4451 190 4507 genere
219 4455 280 4494 non
309 4435 427 4509 addito,
463 4455 533 4494 1111
564 4435 669 4512 cuique
696 4437 811 4514 populo
840 4437 980 4494 usitatior
1012 4453 1050 4493 ex
1082 4441 1209 4510 argento

952 4546 1004 4599 21*
