2960 5012
805 528 898 584 ram
1230 529 1281 599 111,
1292 531 1396 598 1,1-11

766 716 940 800 Congrio

701 824 848 911 Coquom
872 826 974 892 decet.

780 934 924 1000 Euclio

1016 1045 1072 1127 qui
1095 1045 1326 1110 conminatus'a

764 1257 942 1343 Congrio

436 1365 524 1431 Istuo
545 1367 756 1433 malefactum
780 1369 931 1448 arbitror,
954 1371 1121 1452 quianon
1144 1369 1232 1436 latus
1256 1369 1330 1435 fodi.
1357 1385 1402 1437 410

777 1476 921 1542 Euclio
1463 1484 1467 1627 1

289 1583 395 1648 Homo
419 1583 554 1663 nullust,
577 1589 609 1648 te
630 1583 879 1672 scelestiorqui
902 1587 995 1652 uiuat
1018 1586 1125 1664 hodio,

289 1690 401 1774 Neque
420 1693 497 1776 quoi
515 1713 575 1774 ego
595 1692 635 1756 da
653 1691 816 1757 industria
832 1692 972 1777 amplius
991 1693 1076 1760 male
1089 1695 1163 1777 plus
1175 1692 1400 1760 lubensfarim.
1464 1682 1467 1695 '

762 1797 935 1882 Congrio

288 1907 346 1972 Pol
369 1909 432 1974 etsi
453 1914 575 1985 taceas,
591 1906 709 1992 'palam
732 1908 765 1972 id
789 1909 968 1990 quidamst3
992 1931 1045 1976 res
1069 1913 1142 1994 ipsa
1163 1912 1292 1988 tastist3

288 2015 339 2078 lta
361 2013 503 2081 fustibus
528 2037 599 2080 sum
622 2015 751 2080 mollior
773 2017 877 2099 magis
900 2038 998 2100 quam
1020 2017 1106 2082 nilus
1130 2019 1295 2084 cinaedus.

289 2121 352 2188 Sed
376 2124 456 2206 quid
478 2123 539 2188 tibi
563 2145 631 2202 nos,
654 2123 804 2189 mendice
828 2124 934 2204 homo,
958 2127 1115 2192 tantiost?
1466 2127 1471 2336 1

777 2232 919 2298 Euclio

1039 2399 1040 2402 ,
1142 2341 1234 2420 Quae
1256 2343 1329 2408 ros?
1356 2357 1404 2410 411
1470 2345 1471 2352 ’

286 2445 394 2509 Etiam
417 2447 565 2527 rogitas?
589 2466 640 2526 an,
663 2448 741 2528 quia
764 2449 879 2528 minus,
903 2470 1002 2533 quam
1025 2471 1166 2534 aequom
1187 2457 1270 2530 arat,
1293 2449 1373 2515 faoi?

760 2554 934 2638 Congrio
1413 2628 1414 2632 ,

287 2660 371 2727 Sine.
406 2663 449 2726 At
468 2661 575 2726 hercle
600 2682 673 2726 oum
696 2683 813 2745 magno
837 2665 923 2730 malo
946 2671 1013 2744 tuo,
1037 2667 1063 2730 si
1087 2665 1150 2732 hoo
1174 2673 1274 2750 oaput
1297 2666 1403 2743 sant't,

739 2803 745 2815 ·
775 2771 937 2837 Euclio¹

285 2877 344 2941 Pol
367 2898 426 2959 ego
450 2877 536 2942 haud
560 2879 638 2956 scio,
661 2879 739 2961 quid
762 2888 838 2963 post
854 2880 941 2960 fuat3
965 2889 1057 2946 tuum
1074 2903 1161 2947 nuno
1180 2889 1281 2967 caput
1298 2883 1402 2948 sentit.

286 2985 349 3050 Sed
372 2987 405 3050 in
429 2985 566 3051 aedibus
590 2987 670 3070 quid
693 2987 753 3052 tibi
777 2989 858 3053 mois
881 3010 958 3053 nam
981 2997 1052 3054 erat
1074 2991 1183 3074 negoti

284 3094 336 3159 Me
359 3095 505 3174 absente,
528 3097 591 3160 nisi
616 3117 675 3179 ago
699 3097 880 3161 iusseram?
926 3097 1008 3163 Uolo
1032 3099 1124 3164 sciro.

757 3204 932 3288 Congrio

1131 3314 1218 3380 Tace
1240 3336 1328 3397 orgo.
1357 3330 1406 3383 420

284 3419 369 3496 Quia
391 3419 540 3484 uenimus
564 3427 693 3489 oootum
716 3420 758 3485 ad
780 3422 922 3504 nuptias.

772 3528 915 3598 Euclio

967 3637 1052 3714 Quid
1074 3644 1120 3718 tu,
1145 3637 1277 3716 malum,
1302 3657 1403 3712 ouras,

285 3742 400 3807 Utrum
424 3741 560 3806 orudum
582 3762 624 3808 an
649 3749 776 3808 oootum
799 3763 858 3826 ogo
882 3743 991 3808 edim?
1014 3746 1077 3810 nisi
1100 3751 1137 3810 tu
1160 3745 1240 3810 mihi
1257 3766 1291 3810 es
1308 3751 1404 3810 tutor.

757 3850 931 3933 Congrio

283 3957 365 4022 Uolo
390 3958 483 4036 scira,
508 3945 604 4036 sinas,
629 3979 669 4023 an
692 3982 758 4025 non
782 3963 871 4024 sinas
894 3982 953 4025 nos
976 3981 1116 4042 ooquere
1139 3960 1193 4025 hio
1217 3982 1342 4028 conam.

349 4238 399 4290 409
417 4233 489 4302 Quid
507 4237 666 4290 cominatus
733 4239 785 4290 414
802 4237 913 4290 mollior
930 4239 1016 4292 miser
1032 4237 1122 4308 magis
1183 4239 1234 4292 415
1260 4255 1299 4308 aq.
1317 4239 1405 4293 tactio

281 4325 323 4374 est
341 4337 403 4389 quae
420 4338 473 4376 ros.
500 4321 557 4377 ΕΠ.
576 4321 671 4375 Etiam
731 4323 781 4375 416
799 4338 889 4391 aequo
907 4327 1016 4378 morast
1073 4325 1124 4376 417
1141 4322 1215 4378 malo
1234 4328 1285 4378 tuo
1303 4339 1407 4392 magno

280 4409 331 4460 418
348 4405 398 4459 fiat
