2956 5010
266 493 328 556 548
758 487 896 542 Curculio.

263 702 323 742 nou
340 701 443 760 preve,
461 682 566 742 colhem
584 683 737 759 qussitius
756 683 874 742 dicitur.
908 681 1095 742 Camerarius
1112 683 1184 743 inde
1200 705 1367 764 progressus:

266 785 427 858 „auxilium
443 782 544 844 tulio“.
563 814 605 826 -
629 787 699 844 268.
724 779 825 844 uelint
845 805 901 864 pro
924 785 1098 863 pyrrhichio
1122 807 1186 847 csse
1209 789 1326 861 videbis,
1345 809 1368 846 s.

263 888 379 965 Prolsg.
403 907 432 964 p.
458 890 528 947 203.
580 887 642 947 Fl.:
681 889 750 964 „qui
777 889 976 963 periurcriut,
1012 885 1137 950 ueliut“.
1190 891 1312 950 Tectum
1337 893 1372 948 sii

264 1011 327 1050 csse
351 1009 460 1063 corum,
485 992 538 1068 qui
559 992 726 1066 periurant,
750 1007 916 1063 numerum,
940 997 974 1050 ut
996 1013 1034 1050 ue
1057 991 1238 1070 Capitolium
1260 993 1370 1070 quidem,

262 1095 421 1152 maximum
444 1093 599 1170 templum,
628 1112 678 1151 ecc
701 1112 809 1170 cepere
831 1097 935 1170 possit.
993 1094 1079 1167 Quod
1101 1102 1201 1155 sutem
1223 1095 1371 1154 Romanum

262 1197 361 1256 locum
383 1197 529 1268 nominet,
565 1215 655 1272 quum
685 1215 772 1254 scens
794 1193 941 1273 Epidauri
969 1203 1091 1272 egetur,
1127 1217 1181 1258 suo
1212 1217 1292 1258 more
1313 1198 1373 1256 fucit

261 1297 401 1370 Plautus,
436 1299 488 1375 qui
521 1299 553 1356 in
585 1297 641 1356 hcc
674 1297 783 1356 iebulre
813 1301 923 1376 saepius
953 1300 1210 1360 animadvertitur.
1240 1330 1281 1340 -
1312 1303 1373 1359 271.

262 1401 374 1460 coenat
389 1401 476 1460 Both.
494 1405 529 1460 ut
545 1420 574 1460 v.
594 1402 644 1459 39.
685 1399 815 1460 offendit
837 1405 927 1460 etism
947 1408 1114 1478 suspectus
1131 1404 1163 1460 in
1185 1407 1276 1463 tertio
1298 1402 1373 1481 pedc3

261 1501 306 1562 ΡΙ.
335 1499 432 1576 „fore“
461 1504 545 1576 coni„
569 1503 674 1562 melius
698 1503 815 1564 Miiller.
843 1525 898 1578 „nc
920 1504 976 1563 tibi
998 1503 1109 1564 forte“.
1135 1535 1178 1545 —
1204 1508 1275 1566 272.
1298 1500 1375 1569 Reos

261 1599 359 1679 faoi&
383 1607 495 1680 metius
518 1607 581 1681 egit
603 1606 679 1664 bene
702 1607 880 1666 consulenti.

348 1710 419 1768 274.
443 1708 497 1768 Hic
520 1727 624 1768 versus
647 1709 677 1766 iu
697 1708 847 1768 codicibus
869 1711 912 1768 its
935 1710 1107 1785 adiungitur
1132 1712 1374 1785 antecedentibus,

262 1813 348 1887 qussi
370 1810 501 1870 siusdcm
524 1831 618 1898 scenos
641 1813 694 1882 sit,
719 1817 750 1869 ec
772 1831 799 1870 v.
825 1813 886 1870 277
910 1831 1004 1890 coquo
1026 1813 1216 1886 tribuuntur,
1246 1817 1309 1891 quc
1330 1815 1375 1873 Pc-

262 1914 353 1972 linuri
375 1919 453 1972 sunt.
499 1913 558 1973 Sed
580 1935 634 1972 uec
656 1915 744 1991 coqui
767 1901 821 1972 hec
843 1915 972 1988 lenonie,
1004 1918 1055 1993 qui
1076 1917 1107 1974 in
1131 1937 1180 1990 ee,
1204 1937 1293 1994 quum
1314 1918 1376 1992 legi·

261 2035 342 2088 mus,
371 2035 458 2076 scens
481 2016 621 2076 collocuti
642 2021 726 2088 sunt,
757 2016 825 2076 ulls
850 2018 976 2094 emplius
998 2025 1099 2095 pectes
1122 2025 1205 2092 suut,
1237 2025 1272 2078 ut
1292 2019 1376 2078 shisss

262 2137 312 2176 cos
334 2124 488 2196 appareat,
512 2118 670 2178 Palinurus
693 2123 802 2192 sutem,
826 2121 878 2196 qui
900 2120 947 2179 hic
963 2120 1106 2198 loquitur,
1131 2127 1162 2180 et
1181 2123 1265 2181 cuiue
1282 2142 1376 2180 uomsn

262 2220 347 2278 codd.
371 2223 415 2280 its
437 2227 609 2294 servarunt,
640 2227 675 2280 ut
697 2241 758 2280 non
780 2223 843 2281 eius
865 2222 918 2280 sed
940 2221 1108 2282 Phudromi
1131 2225 1233 2284 verbis
1254 2228 1377 2301 prescri-

261 2322 349 2397 bsnt,
384 2344 479 2402 nuper
506 2345 566 2383 nou
595 2323 708 2396 ιιιίἱιιίὲ,Δ
740 2344 769 2384 v.
794 2325 854 2382 255
878 2343 922 2402 sq.
977 2324 1085 2402 Itaque
1113 2325 1247 2386 dubitari
1274 2329 1377 2406 nequit.

262 2427 333 2503 quin
354 2445 432 2485 nove
453 2425 515 2485 hec
537 2445 626 2484 sceno
655 2427 710 2498 sit,
745 2429 827 2485 cuius
856 2428 1044 2506 proscriptio
1073 2431 1213 2506 quonism
1242 2431 1274 2489 in
1302 2429 1377 2489 codd.

261 2548 322 2588 nou
354 2529 518 2602 invenitur,
552 2529 702 2603 integrum
730 2527 834 2588 folium
864 2529 1009 2588 excidisse
1039 2537 1174 2607 apparet.
1231 2532 1379 2591 Palinurus

263 2649 360 2689 secum
389 2631 507 2689 locutus
536 2650 600 2690 esse
623 2629 743 2689 videtur
765 2637 835 2690 cute
859 2653 946 2708 quem
970 2652 997 2692 v.
1023 2635 1084 2691 274
1106 2636 1272 2710 parcsihum
1292 2617 1380 2693 'adm-

262 2732 402 2791 cdvertit.
414 2762 458 2772 -
469 2728 531 2810 qui,
548 2733 609 2792 vid.
622 2733 660 2792 cd
671 2733 777 2809 Amph.
795 2735 868 2807 127;
892 2735 960 2794 edd.
972 2736 1040 2794 Aul.
1054 2737 1114 2794 766
1127 2756 1172 2813 sq.
1195 2735 1303 2795 Bacch.
1316 2739 1379 2795 231.

262 2833 350 2911 Seyff.
363 2833 448 2894 send.
460 2855 490 2912 p.
505 2837 544 2893 27
560 2834 663 2913 „quis“
678 2837 822 2914 poshrlst.
834 2867 878 2878 -
896 2839 966 2896 275.
989 2831 1094 2897 Εεύηε
1104 2835 1275 2914 para-situs
1291 2840 1379 2910 codd..

261 2943 296 2995 ut
322 2944 404 2996 recte
431 2943 559 2998 testetur
587 2939 713 3014 Porcus,
748 2941 882 3016 quemvis
910 2946 998 3016 neget
1020 2939 1182 3014 Gruterus3
1216 2942 1285 3000 edd.
1312 2949 1380 3000 veti.

265 3039 375 3112 „Estne
404 3041 452 3100 hic
480 3037 660 3118 perscitus“‚
691 3061 761 3100 scus
786 3044 912 3119 gratius.
935 3071 978 3081 -
1000 3039 1054 3120 qui
1074 3041 1193 3103 missus
1218 3046 1265 3104 est
1286 3045 1379 3114 oodd.;

260 3142 399 3202 Boihius:
436 3145 560 3216 „missus
584 3140 695 3220 quist“.
725 3175 768 3184 -
799 3147 869 3203 276.
906 3143 977 3203 Post
1007 3141 1058 3203 exi
1080 3145 1178 3205 hictus
1203 3149 1236 3206 in
1260 3167 1380 3217 cueuru3

260 3244 312 3303 sed
330 3246 420 3304 ctiam
436 3251 505 3323 post
522 3246 649 3305 alterum
672 3245 755 3319 „exi“
776 3247 853 3306 hisri
871 3246 998 3320 videtur,
1023 3249 1081 3306 nisi
1099 3255 1167 3307 ente
1187 3247 1308 3324 „ocius“
1323 3249 1381 3308 fieri

260 3347 354 3406 melis.
400 3347 446 3407 Fl.
470 3354 610 3425 quartum
635 3347 720 3424 „exi“
749 3349 866 3408 eddidit
887 3357 958 3426 post
984 3346 1114 3422 „Heus“.
1140 3379 1178 3391 -
1206 3354 1278 3410 277.
1305 3347 1383 3428 Quid

259 3469 363 3509 sensus
386 3450 459 3509 mihi
480 3451 632 3528 postulare
655 3451 822 3511 videbatur.
867 3451 950 3510 Idem
972 3452 1054 3512 Brix.
1076 3454 1154 3512 Anu.
1178 3453 1252 3530 phil.
1277 3453 1327 3527 01,
1354 3474 1379 3530 p.

261 3553 332 3612 765.
355 3581 397 3593 -
420 3555 491 3614 278.
522 3547 622 3615 Uideo
640 3554 812 3614 currentem
828 3553 967 3614 Gulielm.
991 3575 1047 3614 sm.
1081 3553 1190 3615 Hiatus
1207 3559 1240 3615 iu
1258 3577 1380 3626 cessurc3

259 3653 304 3712 Fl.
327 3659 441 3730 trensp.
468 3657 587 3733 „plstcc
614 3658 645 3714 in
677 3655 827 3729 ultuma“;
863 3656 981 3717 Miller.
1017 3655 1202 3731 „eccillum“.
1238 3689 1281 3700 -
1314 3663 1379 3718 279.

260 3771 377 3830 vencec,
400 3758 463 3815 scil.
487 3759 528 3817 sic
550 3758 728 3832 faciendum,
753 3779 780 3818 v.
806 3759 844 3817 sd
866 3759 974 3836 Amph.
999 3762 1071 3820 959.

346 3861 417 3918 280.
451 3859 603 3920 Parasitus
635 3882 802 3940 properans
834 3865 928 3922 intret
960 3869 991 3921 et
1023 3863 1204 3922 currentium
1233 3883 1380 3922 servorum

258 3961 348 4021 modo
371 3981 403 4022 sc
431 3963 534 4021 obvios
564 3983 666 4022 omncs
694 3983 755 4041 prce
777 3963 970 4026 festinatione
994 3965 1224 4024 deturbatum
1246 3967 1379 4034 minem

259 4064 295 4124 cf.
319 4064 357 4123 cd
378 4065 488 4142 Amph.
509 4068 569 4125 977
590 4087 656 4144 sqq.
702 4065 885 4144 Septenariis
908 4069 1070 4127 trochaicis
1087 4068 1230 4145 loquitur.
1275 4067 1380 4125 Versus

258 4169 372 4244 primus
394 4169 473 4226 iusto
495 4170 612 4246 longior
635 4175 694 4239 θεῖς
718 4169 804 4228 Both.
832 4167 941 4242 „mihi“
967 4170 1088 4243 delevit,
1112 4169 1160 4229 ΕΙ.
1188 4167 1324 4246 „etquc“.
1340 4199 1380 4208 —

259 4263 407 4343 officium,
436 4289 465 4329 v.
489 4271 527 4330 sd
549 4273 632 4330 Asin.
660 4271 735 4342 172;
769 4271 837 4330 edd.
862 4271 953 4330 Stich.
980 4275 1028 4332 19.
1074 4272 1141 4331 Ter.
1165 4273 1222 4332 Ad.
1248 4273 1316 4332 966.
1341 4301 1380 4311 -

260 4371 331 4430 281.
355 4368 490 4431 decedito
513 4393 568 4432 em.
592 4373 674 4432 Brix.
697 4375 774 4432 Anu.
791 4374 865 4451 phil.
886 4373 931 4446 CI,
955 4394 984 4452 p.
1005 4376 1076 4448 763,
1099 4375 1166 4433 coll.
1186 4374 1290 4450 Amph.
1310 4377 1379 4432 977.
