2956 5010
237 445 300 505 564
735 435 874 491 Curculio.

237 631 332 705 esse“,
352 639 402 691 aut
419 629 540 706 „mage“
557 631 667 690 scribat
685 637 737 690 aut
755 628 856 702 μοωοίὶ
877 651 932 709 pro
954 627 1066 702 ,esse“.
1108 629 1224 688 Deinde
1244 639 1364 710 apparet

236 739 364 814 primam
381 755 485 794 versus
502 733 660 792 literamil
678 755 750 806 esse,
773 739 940 810 praesertim
959 753 1049 810 quum
1069 734 1150 810 apud
1162 733 1293 793 Nonium
1311 737 1362 794 sub

236 839 292 897 bac
316 839 418 897 littera
440 839 570 915 legatum
595 858 648 896 uec
671 837 759 895 aliter
781 835 860 914 apud
879 835 1008 895 Festum.
1060 834 1127 893 Non
1152 839 1361 897 animadvertit
1464 827 1465 854 ³

237 943 386 1015 librarius,
412 946 443 1002 in
463 940 625 1016 archetypo
642 939 729 998 huius
748 939 858 997 litterae
875 939 1001 998 formam
1020 939 1047 997 Κ
1066 939 1166 1011 fuisse,
1185 959 1252 1016 ques
1265 942 1363 998 etiam-

237 1065 316 1104 nunc
339 1049 370 1104 in
393 1044 587 1122 palimpsesto
610 1041 807 1101 Ambrosiano
831 1043 989 1100 invenitur.
1030 1041 1117 1114 Quod
1141 1041 1179 1099 ad
1202 1047 1262 1101 vim
1286 1045 1364 1102 vocis

239 1149 355 1218 attinet,
380 1146 487 1204 Festus
507 1165 626 1222 quoque
644 1143 815 1202 mendaeem
830 1145 988 1216 intellexit,
1013 1145 1096 1222 Epit.
1109 1165 1138 1222 p.
1155 1145 1230 1203 101:
1259 1145 1364 1216 „Hala-

238 1255 333 1327 panta
345 1246 493 1323 signifieat
512 1251 611 1306 omnia
628 1249 830 1318 mentientem,
850 1246 887 1304 ab
906 1266 941 1305 eo
960 1245 1040 1322 quod
1058 1247 1141 1304 halet
1153 1248 1262 1305 omnia.
1292 1249 1366 1318 Ἆλην

238 1353 316 1408 enim
339 1349 435 1410 Graeci
463 1352 509 1421 τὴν
538 1347 639 1422 (scrib.
662 1347 720 1422 τὸν)
750 1351 867 1420 πλάνην,
901 1351 922 1408 i.
946 1367 972 1408 e.
996 1349 1151 1408 fallentem
1181 1348 1364 1426 appellant“,

239 1453 309 1524 Qua
333 1473 421 1530 quam
444 1455 602 1531 nugatoria
621 1454 691 1523 sint,
715 1453 862 1511 neminem
880 1452 966 1510 fallit.
1008 1451 1217 1510 Recentiorum
1236 1451 1366 1530 Scaliger

240 1556 351 1633 aliique
380 1555 418 1614 ad
445 1557 491 1626 τὴν
519 1558 571 1612 ἅλα
599 1555 766 1614 retulerunt
800 1561 829 1612 et
864 1556 983 1614 nautico
1017 1555 1079 1612 sive
1112 1556 1229 1613 marino
1264 1555 1365 1614 babitu

240 1659 419 1717 instructum
441 1655 604 1734 significari
626 1663 787 1734 putaruut3
811 1677 914 1716 verum
937 1657 1088 1734 parasitus
1110 1677 1170 1715 uon
1193 1665 1292 1717 nauta
1315 1659 1363 1718 sed

239 1761 342 1818 militis
371 1767 422 1819 eut
453 1760 562 1818 escula
590 1779 748 1837 personam
771 1759 926 1832 induerat,
962 1779 1015 1817 nec
1045 1778 1127 1817 mare
1156 1779 1212 1837 pro
1246 1763 1362 1820 nantino

237 1863 341 1920 habitu
364 1863 421 1922 dici
451 1863 565 1922 debuit.
622 1863 686 1922 Hoc
718 1869 816 1921 tamen
844 1869 924 1922 recte
954 1861 1065 1921 vidisse
1094 1861 1251 1936 videntur,
1286 1883 1363 1922 men·

238 1965 341 2024 dacem
360 1985 420 2026 non
437 1965 607 2042 significari.
641 1965 676 2024 In
694 1965 798 2038 altero,
818 1985 907 2042 quem
926 1964 1040 2024 Nonius
1059 1964 1156 2036 affert,
1180 1965 1248 2024 loco
1267 1987 1363 2026 errare

239 2089 307 2127 euin
341 2068 487 2141 arbitror;
521 2087 622 2128 vocem
651 2087 669 2126 e
696 2067 804 2126 Plauto
836 2065 938 2126 fictam
967 2067 1022 2126 hoc
1049 2088 1110 2126 uno
1138 2067 1204 2126 loeo
1232 2072 1363 2129 extitisse

239 2170 329 2230 credo
353 2177 383 2228 et
406 2171 443 2228 ad
472 2173 602 2248 speciem
633 2189 767 2246 persona
797 2171 933 2228 excuntis
961 2169 1147 2228 referendam
1177 2189 1253 2230 esse.
1298 2174 1363 2232 lia·

240 2279 334 2332 torem
369 2279 467 2332 autem
502 2293 538 2332 cx
568 2273 727 2350 peregrino
756 2274 922 2332 venientem
937 2291 1090 2339 ,causeam
1119 2274 1217 2350 eapite
1233 2330 1235 2332 ,
1250 2283 1363 2350 gestare

240 2375 443 2434 conveniebat.
489 2375 574 2434 Hanc
596 2394 661 2434 cum
680 2374 761 2447 orbe,
785 2377 836 2451 qui
858 2376 935 2434 lunae
960 2375 1088 2451 aliisque
1105 2367 1199 2433 stallis
1216 2377 1363 2436 interdum

239 2476 500 2550 circumfunditur,
536 2477 734 2554 comparavit,
765 2497 852 2553 quem
876 2477 973 2536 Graeci
1000 2479 1046 2548 τὴν
1069 2479 1125 2534 ἅλω
1149 2477 1303 2551 dicebant,
1336 2501 1362 2539 v.

238 2579 366 2638 Aristot.
398 2579 434 2636 de
462 2579 575 2638 Mundo
605 2580 640 2637 4:
676 2581 756 2644 Ἅλιος
790 2581 862 2637 ἐστὶν
896 2579 1013 2655 ἔμφασις
1045 2581 1234 2657 λαμπρότητος
1268 2583 1364 2658 ἄστρον

241 2684 407 2758 nepiacyoe·
420 2681 540 2756 διαφέροι
563 2681 591 2738 δὲ
614 2682 706 2758 ἴριδος,
730 2684 770 2739 ὅτι
792 2682 808 2752 ἡ
829 2685 879 2756 μὲν
899 2678 952 2758 ἶρις
975 2686 1124 2748 ἐξεναντίας
1147 2687 1271 2756 φαίνεται
1292 2686 1364 2753 silica

238 2805 266 2840 τε
286 2783 330 2840 καὶ
348 2785 466 2854 σελήνης,
489 2783 549 2854 ἡδὲ
568 2786 638 2852 ἅλως
660 2787 746 2860 κύκλῳ
770 2787 870 2850 παντὸς
893 2784 1002 2861 ἄστρου.
1042 2787 1126 2844 Atat.
1145 2785 1276 2846 Diosem.
1291 2789 1362 2846 209:

239 2889 313 2956 ἣναί
330 2909 384 2944 που
400 2886 440 2951 τὶς
456 2887 531 2943 diluo
546 2889 737 2962 μελαινομένην
754 2888 810 2959 ἔχει
828 2887 922 2963 ἀστήρ.
969 2885 1101 2963 AEsehyl.
1116 2887 1196 2965 Sept.
1210 2891 1288 2948 489:
1313 2892 1364 2947 tta

238 2988 267 3044 di
291 2990 404 3056 πολλὴν,
439 2988 555 3054 ἀσπίδος
577 2991 673 3048 κύκλον
695 2993 774 3067 λέγω.
826 2989 946 3048 Graeeus
975 2990 1067 3064 igitur
1096 2998 1187 3067 poeta
1210 2993 1365 3064 ἆλωφάντην

240 3111 306 3148 eum
326 3091 417 3162 dixit;
441 3091 492 3148 sed
512 3090 597 3164 dixit,
620 3097 655 3150 ut
671 3092 727 3150 hoc
739 3092 873 3176 adderet,
897 3111 964 3150 eum
981 3095 1092 3150 rectius
1110 3096 1281 3167 σωιοφάντην
1300 3095 1364 3154 dici.

238 3193 271 3252 In
292 3194 407 3250 senario
419 3193 473 3251 hoc
484 3213 548 3252 voa.
562 3193 664 3254 Graece
676 3197 819 3272 seriptum
838 3195 929 3252 fuisse
944 3194 1032 3252 eredo
1045 3201 1078 3252 ut
1090 3196 1169 3271 apud
1182 3197 1363 3274 AEschylum,

238 3294 362 3353 Plautus
386 3299 417 3354 in
442 3299 643 3374 septenarium
667 3297 745 3356 idern
770 3296 913 3369 traduxit,
938 3295 1129 3373 Graecumque
1152 3301 1365 3375 pronuntiandi

238 3399 385 3455 rationem
398 3399 461 3456 sive
472 3400 613 3475 ignorans
633 3402 696 3458 sive
714 3417 774 3456 non
791 3417 897 3458 curans
915 3401 1042 3478 primam
1054 3399 1197 3476 syllabam
1215 3402 1363 3479 produxit,

239 3499 276 3558 ci.
289 3498 405 3576 Proleg.
417 3520 447 3577 p.
462 3502 523 3560 208
536 3509 565 3560 et
577 3501 693 3580 praefat.
706 3501 794 3559 huius
810 3501 977 3560 voluminis.
1007 3501 1052 3560 Fl.
1068 3502 1361 3580 „Halopbantsmne“

239 3600 285 3659 ed.
309 3629 352 3639 --
380 3601 452 3660 463.
490 3595 696 3677 Ormammta,
731 3623 758 3662 v.
783 3603 821 3661 ad
848 3603 956 3680 Amph.
981 3605 1030 3664 85.
1082 3604 1152 3663 Hac
1180 3615 1302 3666 veretur
1331 3627 1364 3666 nc

237 3704 392 3781 parasitus
425 3703 506 3762 furto
541 3708 730 3764 intervertat.
786 3706 824 3765 ut
853 3726 909 3783 pro
942 3701 1042 3778 haud,
1078 3707 1158 3783 quod
1188 3715 1257 3768 cett.
1281 3709 1362 3770 codd.

237 3806 383 3884 praebent,
411 3806 481 3864 olim
504 3807 702 3866 emendatum.

325 3909 387 3968 466
411 3927 454 3986 sq.
492 3908 645 3988 Choragus
673 3911 806 3970 homines
829 3913 860 3970 in
882 3913 974 3970 variis
997 3911 1056 3972 lori
1078 3913 1218 3988 partibus
1240 3920 1271 3973 et
1291 3918 1362 3990 regi-

239 4009 346 4069 onibus
376 4011 403 4069 ei
432 4010 580 4071 adiunctis
610 4019 761 4072 versantes
793 4013 935 4072 describit
965 4033 1076 4072 morem
1099 4013 1299 4074 Rornanorum
1320 4035 1361 4074 se

239 4120 341 4186 cutus,
376 4116 428 4192 qui
457 4115 558 4192 eliqua
586 4115 691 4174 saltem
719 4135 821 4174 eorum
846 4135 956 4192 genere
977 4117 1039 4175 suis
1061 4117 1229 4176 nominibus
1251 4120 1360 4195 signare

238 4215 386 4288 solebant,
407 4217 491 4275 velut
514 4216 633 4276 Coelius
656 4219 687 4275 in
709 4217 766 4294 Ep.
786 4217 826 4275 ad
849 4216 1122 4292 Ciceronemvlll,
1148 4221 1175 4291 l,
1199 4221 1218 4277 4
1245 4219 1361 4292 „subro-

239 4313 375 4375 stranos“
398 4325 617 4391 commemorat,
637 4321 665 4392 9,
686 4322 702 4378 5
727 4315 973 4394 ,columnarios“,
993 4323 1012 4380 i.
1034 4343 1058 4380 e.
1072 4322 1124 4397 qui
1143 4320 1182 4380 ad
1200 4321 1358 4380 columnam
