2956 5010
598 467 629 520 v.
648 470 791 522 ere-sas.
1196 477 1256 536 579

135 665 305 720 antestetis.
351 663 407 724 SA.
430 663 531 722 Tuane
555 681 610 738 ego
633 685 734 738 causa,
769 665 915 738 carnifex,
950 665 1114 740 Quoiquam
1138 667 1258 724 mortali

133 764 230 823 libero
254 766 333 825 auris
356 763 520 826 atteram?“
561 767 666 828 Horat.
685 767 746 828 Sat.
766 767 793 842 I,
818 771 847 842 9,
871 770 925 827 76:
964 767 1068 841 ,Licet
1090 767 1256 828 antestari?
1354 777 1357 784 '

133 866 198 944 Ego
221 889 293 928 vero
316 889 435 948 appono
457 869 651 930 auriculam“.
696 871 742 929 Ex
764 871 872 948 quibus
896 871 967 930 loeis
991 877 1115 949 apparet
1139 892 1257 934 aecusa-

134 977 231 1030 torem
254 973 399 1031 antestari
421 993 482 1034 non
504 993 579 1046 eum,
609 993 697 1050 quem
719 975 750 1032 in
773 976 820 1032 ins
842 978 935 1048 vocat,
959 973 1012 1032 sed
1032 978 1149 1048 testem,
1174 980 1205 1033 et
1229 976 1257 1036 te

132 1079 214 1132 recte
237 1096 255 1132 a
272 1073 440 1136 (temerario
465 1079 603 1136 omissum
627 1097 700 1136 esse.
750 1076 839 1137 Miles
857 1081 970 1151 autem,
994 1078 1079 1153 quasi
1103 1097 1121 1135 a
1143 1097 1175 1136 se
1201 1078 1256 1137 hoe

131 1179 263 1254 petitum
293 1185 384 1252 esset,
419 1175 494 1240 Non
517 1175 586 1240 lieet
611 1179 782 1258 respondet.
806 1210 848 1220 —
877 1181 947 1239 622.
981 1179 1103 1238 Numeri
1126 1201 1183 1240 non
1207 1202 1255 1240 ex·

133 1282 264 1358 plentur.
306 1281 395 1341 Both.
419 1280 609 1360 „disperdat“
630 1304 695 1358 ser,
718 1282 765 1344 Fl.
792 1283 850 1356 „At
872 1287 902 1341 te
924 1278 1091 1360 luppiter“,
1115 1287 1255 1343 neutrum

132 1385 206 1442 setis
229 1390 307 1462 epte.
364 1379 534 1446 Ietaeletae
563 1385 642 1445 infra
663 1407 690 1446 v.
716 1387 774 1444 691
806 1405 875 1444 reus
902 1385 1028 1460 dicitur,
1063 1387 1129 1463 qui,
1164 1406 1255 1464 quum

132 1489 296 1546 antestetio
318 1489 398 1548 faeta
419 1510 479 1549 non
501 1492 554 1563 sit,
584 1491 614 1548 in
637 1491 682 1548 ius
704 1490 836 1567 rapitur,
866 1488 918 1546 sed
940 1488 995 1546 hcc
1016 1509 1071 1566 pro
1093 1491 1254 1568 obprobrio

132 1591 223 1650 obiici
245 1611 304 1650 non
326 1598 443 1670 potest;
474 1593 525 1670 qui
546 1591 625 1652 huno
647 1612 762 1651 versum
785 1592 919 1669 scripsit,
951 1591 1033 1651 aliud
1056 1594 1143 1652 simul
1165 1594 1254 1668 signi-

132 1694 267 1753 ficaverit
289 1715 408 1756 neeesse
431 1701 491 1770 est,
526 1697 589 1754 sine
612 1696 703 1755 dubio
726 1696 818 1767 idem,
848 1693 927 1771 quod
950 1693 1014 1752 Mil.
1041 1695 1138 1769 1407,
1170 1699 1254 1755 testi·

132 1797 206 1856 culis
229 1803 392 1872 carentem
423 1819 477 1858 nec
498 1799 638 1858 Plautum
659 1798 716 1858 hoo
737 1797 890 1873 scripsisse
914 1795 1055 1870 arbitror,
1078 1798 1131 1857 sed
1153 1799 1254 1858 histri·

132 1921 220 1960 onem
232 1903 362 1979 aliquem
381 1902 461 1961 illius
477 1901 536 1962 loci
551 1901 712 1962 memorem
730 1899 955 1978 frigidissimum
973 1901 1069 1960 iocum
1087 1901 1254 1962 intrusisse.

131 1997 271 2064 Accessic
309 2006 403 2082 spurii
442 2025 544 2064 versus
585 2025 674 2065 causa
705 2004 763 2064 fuit
796 2024 848 2062 our
886 2022 1079 2082 personarum
1112 2009 1190 2064 uotae
1223 2007 1255 2064 in

130 2111 268 2185 proximo
291 2128 379 2168 versu
396 2101 485 2190 (623)
504 2108 708 2168 turbarentur.
746 2107 846 2166 Prima
862 2105 991 2183 quidem,
1015 2099 1060 2166 At
1078 2122 1140 2184 eqo,
1165 2123 1255 2185 quem

131 2206 217 2286 lieet,
242 2212 285 2285 te,
309 2211 412 2270 militis
435 2231 581 2271 essenon
603 2231 698 2287 posse,
722 2211 809 2269 facile
832 2213 974 2287 apperet3
1009 2229 1077 2267 nam
1099 2209 1252 2284 Voigtium

130 2336 192 2374 non
215 2334 321 2374 vereor
343 2334 380 2374 ne
403 2315 560 2392 quisquam
582 2319 726 2391 sequatur
748 2315 779 2372 in
797 2313 875 2372 Mus.
894 2312 988 2372 Rhen.
1007 2310 1128 2383 XXVII,
1147 2331 1177 2388 p.
1194 2313 1250 2370 171

130 2419 173 2475 sie
212 2422 413 2477 enarrantem:
457 2419 516 2490 „At
543 2437 613 2494 ego,
648 2437 736 2495 quem
765 2417 848 2490 licet,
882 2421 927 2488 te,
956 2435 995 2474 sc.
1019 2415 1118 2473 iuius
1147 2409 1252 2473 uooo“.

130 2520 305 2580 Curculioni
327 2519 471 2580 dederent
501 2520 630 2580 editores
651 2519 814 2583 Robertum
844 2521 952 2594 secuti,
981 2537 1158 2596 quamquam
1182 2517 1254 2592 quid

129 2625 155 2682 is
178 2624 334 2698 voluisset,
365 2645 470 2701 parum
492 2625 734 2700 intelligebatur;
767 2623 830 2684 Fl:
868 2621 974 2698 „CUR.
999 2621 1040 2680 At
1063 2641 1134 2699 ego,
1167 2641 1252 2698 quem

128 2727 213 2786 licet.
250 2726 311 2784 PH.
339 2727 385 2786 Tu
408 2727 515 2787 accede
537 2725 630 2801 huc“;
661 2747 726 2805 quse
749 2729 792 2786 ita
814 2729 932 2786 enarret
951 2725 1129 2784 Merolinus:
1163 2725 1252 2798 „Cur-

128 2831 209 2888 culio
233 2835 340 2888 testem
362 2851 393 2890 se
416 2832 518 2890 offert:
549 2831 589 2890 At
608 2851 663 2907 ego
685 2828 723 2906 (is
744 2827 831 2903 sum),
858 2850 945 2905 quem
962 2829 1032 2887 licet
1051 2821 1253 2904 (antestari)“,

127 2935 246 2992 omissis
270 2953 334 3011 quse
358 2933 457 2992 audiri
478 2933 559 2992 nullo
582 2933 670 2993 modo
693 2937 827 3011 possunt.
862 2931 953 2990 Immo
972 2931 1140 2989 Phrsdromi
1159 2931 1252 2990 verba

127 3041 200 3095 sunt
222 3038 260 3096 ud
282 3058 309 3097 v.
330 3039 388 3096 621
414 3036 633 3112 respondentis.
672 3035 737 3111 Ego
760 3055 840 3107 vero,
863 3035 971 3110 inquit,
996 3033 1068 3110 quid
1090 3038 1133 3108 tu,
1156 3033 1251 3106 miles,

48 3144 49 3147 ’
128 3141 289 3214 concedas,
318 3160 377 3198 non
400 3160 484 3213 euro,
517 3145 623 3198 necte
646 3143 793 3213 antester,
829 3136 882 3196 sed
904 3135 1126 3212 Cureulionem,
1162 3158 1249 3216 quem

127 3245 214 3316 lieet,
249 3245 269 3303 i.
290 3265 319 3312 ¹e.
343 3245 394 3320 qui
417 3264 477 3304 uon
499 3243 656 3303 recusabit.
702 3241 796 3302 Simul
823 3241 987 3328 orationem
1018 3240 1055 3300 ad
1085 3243 1250 3318 parasitum
1360 3299 1370 3312 ,

127 3349 277 3406 convertit
299 3367 426 3425 eumque
449 3346 588 3406 accedere
609 3347 702 3408 iubet.
724 3376 767 3432 ἡ
783 3346 924 3406 Proxima
948 3341 1079 3406 Seruom
1101 3341 1252 3406 antestari

127 3451 234 3508 militis
262 3455 345 3524 sunt,
381 3452 432 3528 qui
460 3455 493 3510 ut
521 3453 665 3536 actionem
695 3450 855 3524 detrectet,
891 3450 1124 3510 antestationem
1154 3453 1249 3506 ratam

127 3573 193 3612 esse
214 3559 320 3628 neget3
352 3555 463 3633 quippe
486 3555 690 3616 Curculionem
712 3575 844 3630 serrum,
872 3575 933 3614 non
954 3553 1081 3612 liberum
1103 3551 1249 3610 hominem

128 3677 205 3715 esse.
249 3656 294 3715 De
316 3656 465 3717 infinitIro
487 3658 547 3718 vid.
570 3658 670 3717 Madv.
694 3657 744 3716 Gr.
769 3656 837 3717 Lat.
862 3659 932 3716 399.
978 3657 1046 3716 Ter.
1064 3655 1157 3714 Andr.
1178 3657 1249 3715 870.

127 3759 205 3819 Eun.
225 3763 296 3820 209.
332 3781 422 3840 supra
446 3764 516 3820 200.
539 3789 581 3800 -
603 3757 676 3821 uide
698 3761 764 3821 edd.
788 3761 876 3822 militi
900 3763 1092 3832 continuant3
1115 3759 1250 3835 indigna-

125 3867 254 3937 tionem,
286 3863 388 3937 eredo,
411 3862 572 3940 significari
594 3869 816 3941 putarunt,·ut
838 3865 869 3922 in
895 3863 998 3937 „illuo,
1027 3864 1083 3935 sis,
1107 3856 1195 3919 uide“
1221 3867 1251 3918 et
1325 3895 1331 3910 ·

131 3968 207 4040 „hoc
222 3963 324 4040 uide“,
347 3987 375 4026 v.
396 3967 433 4026 ad
451 3967 518 4026 Aul.
533 3969 582 4025 46.
628 3967 685 4025 Sed
708 3968 834 4044 simplex
861 3963 968 4040 ,uide“
994 3967 1043 4024 vix
1066 3967 1107 4024 sio
1131 3965 1248 4024 dieitur.

127 4069 219 4130 Novae
237 4089 372 4146 personae
391 4071 556 4129 orationem
575 4070 622 4129 hic
639 4071 770 4146 incipere
786 4075 937 4129 testantur
955 4068 1050 4140 codd,
1074 4067 1126 4126 sed
1144 4087 1250 4126 nomen

127 4173 204 4232 male
234 4173 384 4252 expletum
412 4178 472 4247 est,
517 4155 702 4232 Curculionis
729 4172 821 4232 verbo
848 4179 925 4231 sunt.
981 4173 1010 4232 Is
1040 4191 1140 4230 aurem
1167 4170 1250 4229 Phae·

128 4277 233 4335 dromo
256 4277 400 4354 porrigit,
433 4282 463 4334 et
485 4277 610 4335 militem
633 4279 768 4354 spectare
790 4275 882 4350 iubet,
906 4293 965 4352 quo
987 4274 1075 4334 modo
1097 4293 1128 4332 se
1152 4273 1249 4332 adole-

130 4399 214 4439 scens
237 4385 417 4454 antestetur,
445 4385 479 4440 ut
507 4381 583 4439 sciat
610 4400 640 4439 se
664 4379 790 4438 liberum
813 4399 887 4438 esse.
910 4407 953 4417 -
982 4380 1051 4436 624.
1080 4377 1250 4436 Interiectio

995 4490 1045 4544 37*
