2932 5010
544 539 706 594 Bacchides.
1121 545 1182 605 369

76 731 183 808 Parerg.
201 753 230 810 p.
250 734 311 791 405
329 752 394 809 sqq.
429 733 524 791 Huius
542 737 620 792 enim
639 735 697 791 fuit
713 733 822 792 nobilis
840 733 941 792 sabula
965 735 1012 800 Δὶς
1034 734 1182 802 ἐξαπατῶν,

75 836 148 892 euius
170 837 349 893 mentionem
371 836 443 894 facit
464 836 610 894 Martialis
632 836 710 908 xlv,
735 838 811 894 214:

394 937 483 996 Pueri
505 937 636 997 comoedi.

233 1041 299 1098 Non
322 1043 380 1098 erit
402 1043 433 1097 in
454 1039 544 1098 turba
566 1043 720 1117 quisquam
745 1044 916 1118 Mroodpavoc
937 1044 1006 1116 ista,

156 1203 159 1208 Δ
233 1142 290 1202 Sed
313 1145 427 1218 poterit
450 1143 547 1218 quiuis
571 1164 634 1202 esse
656 1145 704 1210 Δὶς
726 1148 872 1209 ἐξαπατῶν.

74 1243 240 1318 Fragmenta
264 1245 384 1321 collegit
405 1245 553 1317 Meineke,
577 1246 653 1304 Hist.
672 1251 738 1306 crit.
757 1250 859 1306 comio.
878 1247 970 1306 Groec.
989 1245 1038 1318 IV,
1061 1265 1090 1322 p.
1112 1247 1180 1304 105.

73 1345 195 1419 Plautus,
219 1355 253 1405 ut
276 1351 399 1424 sapius,
423 1367 532 1406 nomen
554 1351 697 1420 mutavit,
727 1349 947 1427 Bacchidesqus
970 1333 1183 1426 appellavit*);

73 1449 118 1506 sed
140 1453 188 1526 qui
211 1451 320 1508 fabula
343 1458 549 1528 argumentum
572 1454 766 1526 reputaverit,
796 1453 883 1510 facile
906 1451 1046 1510 concedet
1067 1451 1183 1526 aptissi-

73 1570 142 1608 mum
164 1573 227 1611 esse
251 1552 390 1611 Graeeum
411 1554 486 1612 illud
510 1573 625 1612 noman.
672 1553 749 1625 Quin
766 1555 811 1612 bia
828 1555 932 1612 saltem
948 1557 979 1610 in
998 1556 1062 1628 ipsa
1081 1553 1184 1611 sabula

74 1654 105 1709 ad
127 1655 199 1712 iilud
222 1675 329 1713 nomeu
353 1656 446 1714 alludi
470 1657 602 1728 videtur,
626 1677 652 1715 v.
681 1659 771 1729 1087,
795 1657 845 1715 ubi
868 1657 1030 1715 Nicobulus
1057 1651 1181 1728 „Perii‚“

73 1757 161 1832 inquit
187 1758 312 1833 „pudet3
336 1759 440 1816 hocine
464 1779 509 1816 me
533 1761 630 1820 aetatis
654 1759 740 1818 ludos
763 1759 939 1817 bisfactum
962 1755 1131 1832 indignei“‚
1155 1778 1182 1816 v.

73 1861 155 1930 1126,
178 1861 231 1918 ubi
255 1860 378 1919 Bacchis
406 1861 443 1918 de
467 1843 570 1919 eodefn
593 1881 676 1934 sene,
707 1880 794 1938 quem
817 1880 901 1918 ovem
924 1861 1072 1937 appellat:
1111 1861 1184 1931 „Pol

71 1959 148 2018 hodie
177 1963 274 2020 altera
301 1956 358 2021 iam
387 1964 433 2022 bis
463 1963 587 2021 detonsa
615 1959 755 2021 certost“.
807 1964 931 2021 Accedit
954 1964 1043 2039 quod,
1075 1967 1125 2038 qui
1149 1983 1185 2020 ex

71 2061 227 2123 Menandro
252 2068 361 2142 saepius
384 2065 507 2124 affertur
528 2086 647 2137 versuo,
673 2068 702 2123 ὃν
725 2067 751 2122 ot
772 2067 837 2124 θεοὶ
858 2069 990 2139 φιλοῦσιν,
1014 2065 1185 2134 ἀποθνήσκει

71 2167 128 2237 νέας,
151 2171 201 2243 qui
225 2189 243 2225 e
267 2167 383 2226 Stobaeo
407 2165 498 2226 serm.
518 2168 607 2240 CXX,
631 2171 648 2228 8
673 2169 709 2226 ad
733 2169 780 2233 Aa
803 2172 976 2233 ἐξαπατῶντα
998 2168 1135 2239 refertur,
1160 2169 1184 2224 is

72 2267 168 2326 Latine
191 2272 304 2347 legitur
321 2270 427 2329 Bacch.
448 2272 505 2329 811
527 2289 571 2348 sq.
606 2271 651 2328 Ex
668 2273 773 2328 ceteris
796 2277 903 2342 eutem,
928 2291 992 2346 quae
1015 2269 1183 2341 laudentur,

71 2371 252 2431 tho-<andreas
280 2373 386 2430 fabulae
410 2373 597 2449 fragmentis,
631 2393 723 2432 unum
748 2371 834 2450 (Ἐμοὶ
857 2375 998 2450 neptium,
1026 2375 1072 2443 τὴν
1093 2373 1185 2448 θύραν

70 2476 151 2548 κόψας
179 2477 234 2552 ἐγὼ
260 2477 333 2531 καλῶ
351 2476 398 2532 τιν’
423 2473 521 2547 αὐτῶν)
552 2497 617 2533 eum
640 2476 785 2535 Plautinae
814 2477 921 2534 fubulae
950 2497 977 2535 v.
1004 2477 1083 2533 1114
1108 2494 1185 2532 com·

72 2581 164 2650 parari
179 2584 291 2656 potest,
310 2578 436 2636 alterum
449 2577 605 2636 Bitscheiii
616 2599 738 2637 acumen
751 2599 817 2638 cum
828 2599 856 2638 v.
871 2581 930 2638 305
944 2579 1134 2654 comparavit,
1149 2575 1186 2634 ad

74 2699 154 2753 quem
166 2682 265 2738 locum
279 2685 422 2740 annotata
432 2681 503 2752 vid,
516 2683 638 2739 tertium
650 2682 687 2738 ad
699 2683 877 2758 principium
890 2681 998 2738 sahulae
1010 2681 1187 2757 pertinuisse

72 2781 196 2854 videtur,
227 2781 288 2840 vid.
317 2782 393 2839 inira
415 2803 445 2858 p.
467 2785 535 2840 373.
582 2783 666 2854 Quod
694 2789 793 2842 autem
816 2783 1002 2858 Ladewigius
1026 2775 1186 2858 (Philolog.

72 2881 162 2955 XVII,
192 2907 218 2942 a.
248 2887 344 2956 1861,
373 2906 402 2962 p.
429 2887 486 2944 261
512 2881 590 2960 sqq.)
645 2885 813 2943 Plautinum
846 2886 973 2943 fabulam
1010 2905 1046 2942 ex
1073 2883 1187 2941 duabus

72 2983 175 3044 Gracia
198 2985 370 3058 conflatam,
405 2987 467 3059 vel,
496 2995 530 3044 ut
552 2987 697 3045 Lusciano
726 2990 859 3046 convicio
878 2989 932 3045 usi
961 2988 1058 3044 dicere
1081 2987 1186 3058 solent,

72 3091 295 3147 contaminatam
314 3109 379 3147 esse
398 3089 566 3162 affirmavit,
588 3091 650 3148 eius
668 3109 705 3146 ne
721 3091 873 3147 minimum
892 3089 1012 3165 quidem
1029 3089 1188 3161 vestigium

72 3191 172 3270 video.¹
195 3191 227 3250 si
252 3193 432 3250 accuratiore
454 3193 635 3250 refutatione
658 3211 733 3269 opus
756 3197 809 3264 est,
834 3191 894 3248 vid.
912 3190 1025 3263 Gustu,
1044 3191 1109 3249 Aet.
1129 3209 1186 3248 soc.

71 3291 169 3366 philol.
194 3293 277 3370 Lips.
301 3293 351 3366 VI,
374 3315 404 3371 p.
430 3297 489 3352 315
514 3313 578 3370 sqq.

151 3395 214 3466 Quo
240 3415 317 3453 anno
339 3397 402 3455 haec
423 3397 526 3455 fabule
549 3403 616 3454 acta
638 3399 686 3470 sit,
709 3415 769 3454 non
792 3401 837 3453 est
859 3395 1012 3453 traditum.
1063 3394 1189 3472 Epidico

71 3501 264 3570 posteriorem
283 3499 374 3557 fuisse
393 3499 524 3558 efficitur
540 3521 576 3557 ex
594 3520 621 3559 v.
636 3501 706 3558 212.
740 3498 787 3556 Ad
811 3498 931 3556 senilem
954 3503 1051 3574 poetae
1069 3502 1189 3555 aetatem

71 3600 254 3661 referendam
278 3621 341 3660 esse
365 3605 455 3661 etiem
479 3603 538 3660 alio
562 3603 738 3660 documento
761 3604 940 3660 monstravit
957 3599 1136 3658 Ritsehelius
1158 3601 1189 3657 in

72 3699 204 3778 Parergis
227 3723 257 3780 p.
278 3706 338 3763 425
358 3724 423 3782 sqq.
468 3704 543 3762 Nam
562 3705 642 3780 quod
661 3704 820 3780 Chrysalus
839 3725 866 3762 v.
888 3705 968 3761 1070
985 3701 1190 3780 triumphandi

71 3801 205 3865 honorem
237 3809 321 3883 quasi
351 3807 438 3864 nimis
466 3807 619 3880 vulgatum
650 3811 779 3882 spernit,
819 3807 873 3863 hoc
901 3807 992 3862 tertio
1022 3809 1091 3862 unte
1120 3803 1187 3862 Chr.

72 3923 96 3962 n.
120 3910 226 3967 saeculo
250 3908 308 3966 dici
331 3929 390 3966 non
413 3911 524 3984 potnit.
581 3909 681 3986 Usque
710 3909 747 3966 ad
775 3909 891 3967 finitum
922 3907 1048 3964 alterum
1079 3907 1189 3964 bellum

71 4005 208 4068 Punicum
232 4011 292 4068 rari
315 4010 432 4068 fuerant
454 4010 612 4086 triumphi,
643 4011 694 4068 sed
724 4012 814 4087 paulo
844 4019 914 4088 post
942 4011 1015 4066 mire
1046 4008 1189 4084 multipli-

87 4255 111 4320 *)
137 4255 216 4323 Quod
234 4256 401 4326 Fulgentius
419 4279 445 4328 p.
461 4263 511 4313 564
530 4277 641 4312 versum
660 4259 740 4313 huius
759 4259 860 4314 fobulae
879 4261 929 4312 275
950 4276 990 4327 sq.
1012 4257 1039 4310 in
1057 4256 1189 4325 Chrysalo
1268 4273 1270 4276 ⁴

134 4349 228 4398 extare
247 4345 323 4412 dicit,
341 4345 422 4398 huius
436 4361 564 4415 personae
581 4345 668 4398 rerba
682 4351 758 4412 sunt;
776 4345 876 4398 tabulis
891 4361 993 4397 nomen
1007 4345 1080 4397 idem
1095 4342 1190 4410 fuisse,

136 4435 191 4482 tam
209 4430 265 4483 levi
284 4431 391 4484 auctori
410 4431 488 4485 credi
507 4446 564 4483 non
582 4437 683 4500 potest.

954 4535 987 4584 24
