2916 5006
258 502 321 564 420
743 491 904 548 Bacchides.

256 691 402 751 646-48
432 689 535 749 cretici
557 689 739 760 tetrametri,
775 707 903 765 quorum
925 687 999 746 duos
1022 689 1138 767 priores
1162 688 1185 747 Β
1212 710 1271 749 nnc
1294 709 1373 750 versu

257 791 488 870 comprehendit.
536 783 691 850 Parmeno
718 794 749 848 et
779 783 880 867 Syrias
912 791 1035 868 vulgata
1068 811 1223 852 servorum
1252 795 1371 852 nomina

256 925 299 936 —
322 895 392 954 649.
417 893 601 952 ereticorum
623 893 730 952 seriem
753 891 868 951 claudit
889 913 992 954 versus
1015 913 1051 952 ex
1074 893 1199 972 dipodia
1221 895 1372 970 trochaica,

256 997 376 1069 cretico,
399 996 637 1074 penthemimere
659 995 809 1054 trochaico
832 997 1025 1074 compositus.
1060 995 1161 1056 Herm.
1174 997 1210 1056 R.
1224 997 1269 1056 Fl.
1282 998 1372 1058 deleto

257 1100 314 1160 666
355 1119 473 1158 versum
495 1118 513 1158 a
535 1097 650 1158 dnobus
673 1099 790 1158 creticis
812 1099 1005 1176 incipientem
1028 1098 1152 1158 faciunt.
1198 1099 1372 1178 Spengelins,

257 1202 357 1262 Plaut.
380 1223 410 1279 p.
438 1202 512 1274 161,
540 1205 575 1261 66
595 1219 650 1260 666
672 1203 770 1260 totum
792 1199 890 1260 locum
913 1201 951 1260 ad
973 1201 1089 1260 codices
1111 1201 1192 1260 solos
1215 1204 1317 1280 exigit.
1338 1233 1370 1246 —

257 1304 319 1364 650
347 1308 465 1363 constat
492 1324 528 1363 ex
555 1303 810 1380 hephthsmimere
832 1302 985 1362 trochaico
1007 1303 1053 1362 bis
1075 1306 1218 1381 repetito.
1237 1334 1280 1346 —
1303 1307 1370 1365 651:

257 1429 856 1452 -------------
861 1447 868 1474 ,
893 1409 958 1464 tum
980 1405 1132 1481 penthem.
1156 1407 1252 1466 trech.
1290 1407 1323 1468 R.
1343 1413 1372 1466 ut

258 1511 377 1569 criticos
399 1507 539 1582 efficeret,
562 1513 625 1568 tres
647 1527 749 1566 versus
772 1507 848 1566 tales
871 1505 1008 1566 refinxit:

385 1611 517 1689 Nequius
538 1611 580 1670 nil
603 1629 692 1688 quam
715 1628 804 1684 egens
827 1609 934 1670 consili
956 1629 1059 1670 seruos
1082 1616 1128 1670 est

294 1719 297 1726 '
386 1713 451 1774 Nisi
474 1716 500 1773 is
521 1713 612 1772 habet
633 1712 829 1788 multipotens
851 1717 964 1790 pectus,
987 1718 1023 1772 ut
1045 1714 1144 1790 copias

384 1816 568 1892 Ubicumque
590 1835 661 1874 6666
684 1817 750 1887 6166,
773 1819 894 1892 pectore
916 1819 1035 1891 promat
1057 1834 1120 1874 suo.

258 1914 369 1979 consili
385 1919 451 1978 cod.
464 1919 496 1979 6.
513 1948 556 1958 -
572 1914 637 1978 atsi
659 1911 753 1978 tebet
772 1912 975 1993 multipotens
989 1916 1116 1993 pectam
1138 1919 1231 1978 etiam
1248 1920 1370 1993 integras

257 2025 422 2082 sententies
449 2020 600 2080 interdum
627 2039 750 2097 prorsus
779 2039 978 2098 supervacuas
1007 2019 1093 2080 addit
1120 2021 1263 2080 Plautina
1290 2021 1369 2080 abun·

257 2125 368 2200 dantia,
392 2123 429 2184 61.
447 2125 529 2184 Asin.
548 2125 609 2184 418
628 2143 672 2201 sq.
700 2143 878 2200 „numquam
900 2142 990 2182 unam
1012 2141 1074 2182 rem
1096 2123 1169 2182 licet
1190 2125 1283 2184 semel
1303 2141 1368 2202 prae

257 2227 369 2304 cipere,
404 2227 476 2303 quin
503 2228 635 2286 centiens
664 2223 839 2304 imperem“.
884 2225 924 2286 ib.
949 2227 1009 2286 870
1038 2231 1068 2284 66
1089 2225 1197 2302 Amph.
1223 2227 1284 2286 900
1312 2245 1370 2283 cum

257 2333 369 2387 annott.
392 2356 435 2368 -
450 2329 578 2404 pectore
601 2329 761 2405 expromat
783 2347 845 2388 sno.
890 2326 1046 2388 Obiectnm
1073 2328 1161 2388 facile
1183 2329 1369 2407 intelligitur:

257 2429 290 2490 id
312 2449 369 2506 quo
390 2449 461 2490 usus
483 2433 534 2490 sit.
557 2461 600 2472 -

413 2661 879 2683 ννννννννννν
897 2663 931 2676 .-

255 2731 355 2813 fruys‘,
379 2737 415 2796 61.
433 2736 517 2796 Asin.
539 2738 607 2810 174,
631 2739 709 2796 infra
732 2741 802 2798 661.
825 2767 868 2778 -
890 2735 978 2810 tenet,
1002 2737 1066 2798 scit
1090 2765 1132 2776 -
1156 2737 1229 2796 654.
1253 2737 1290 2796 R.
1312 2754 1370 2794 cun

255 2837 427 2898 Hermanno
449 2837 649 2900 duceremus
671 2841 837 2900 trochaicos
859 2840 942 2900 facit:

502 2942 657 3021 Improbus
680 2944 719 3002 sit
742 2963 807 3002 cum
829 2941 981 3020 improbis,

503 3045 655 3122 Harpaget
678 3065 744 3106 cum
766 3044 892 3104 furibus.

255 3147 316 3208 Nos
344 3153 460 3208 retento
487 3147 646 3206 verborum
674 3147 778 3206 ordine
801 3167 892 3206 unum
908 3147 1115 3223 septenarium
1136 3145 1275 3219 fecimus,
1308 3163 1368 3204 nam

256 3263 333 3322 oum,
358 3247 438 3326 quod
459 3269 514 3327 per
530 3247 730 3324 anastrophen
752 3249 790 3308 ad
813 3249 988 3308 antecedens
1011 3247 1191 3308 trahendum
1214 3254 1260 3308 est
1282 3243 1319 3321 (r.
1336 3243 1368 3304 ad

254 3351 361 3428 Amph.
386 3347 461 3424 234)
490 3371 555 3410 cum
585 3351 723 3427 sequenti
751 3371 812 3409 non
833 3351 983 3410 coalescit.
1013 3380 1057 3391 -
1083 3345 1239 3428 hamayet
1258 3371 1286 3408 v.
1308 3347 1366 3408 Aul.

258 3454 328 3514 194.
373 3468 441 3514 oum
462 3448 587 3531 furibus
609 3456 691 3512 recte
714 3451 829 3527 llerm.;
852 3452 938 3512 nihili
962 3459 1008 3514 est
1031 3453 1118 3525 enim,
1143 3453 1227 3530 quod
1249 3451 1367 3532 Sparge

254 3555 312 3614 lius
335 3557 391 3629 eit,
415 3575 482 3614 eum
503 3557 547 3614 ita
568 3555 649 3614 fures
672 3555 796 3628 imitari,
825 3561 859 3616 ut
882 3557 972 3616 etiam
995 3573 1066 3632 erga
1088 3556 1170 3616 fures
1192 3555 1243 3616 fnr
1264 3558 1368 3614 616·-
1435 3593 1436 3596 =

257 3659 328 3730 655,
358 3677 447 3735 quem
470 3677 604 3718 seorsum
626 3658 814 3734 scripsimus,
838 3659 900 3718 tale
922 3665 967 3718 eet
986 3659 1089 3720 colon:
1112 3685 1359 3704 ------
1361 3701 1366 3713 .

255 3758 356 3820 Herm.
379 3759 415 3820 R.
433 3760 479 3818 Fl.
497 3780 562 3820 roc.
580 3758 706 3839 staretur
726 3779 782 3838 pro
805 3761 984 3835 glossemate
1007 3763 1170 3834 eiecerent3
1194 3781 1256 3821 non
1277 3759 1366 3820 credo.

254 3892 298 3904 -
331 3863 391 3922 656
419 3867 594 3922 tetrameter
623 3865 763 3937 creticus3
796 3863 885 3924 Both.
908 3864 943 3923 R.
966 3862 1012 3922 Fl.
1042 3860 1133 3943 fraqi
1161 3863 1307 3924 delerant.
1334 3889 1368 3900 -

254 3959 463 4042 conpellere,
487 3966 523 4026 ci.
545 3965 653 4044 Amph.
681 3967 750 4026 123.
775 3995 812 4008 ·-
840 3967 910 4040 657,
933 3971 968 4024 66
992 3968 1062 4040 660,
1087 3971 1206 4026 constat
1229 3987 1265 4026 ax
1285 3963 1367 4041 heph-

254 4067 429 4128 themimere
450 4068 601 4128 trochaico
617 4070 755 4147 repetito.
774 4099 817 4110 -
836 4070 896 4128 658
919 4068 1103 4130 bacchiaeus.
1140 4069 1175 4130 R.
1188 4068 1234 4128 Fl.
1246 4073 1366 4128 extremo
1433 4051 1434 4064 ¹

255 4171 354 4230 versui
379 4165 510 4248 ,usque“
534 4169 657 4244 666666,
681 4177 715 4231 66
736 4177 911 4232 tetrameter
932 4171 1050 4248 integer
1070 4174 1120 4232 sit.
1171 4171 1266 4230 Iidem
1291 4163 1363 4243 ,666ιι

255 4291 311 4349 pro
331 4268 392 4345 as't3
415 4271 468 4332 666
490 4275 710 4334 coniunctivum
726 4274 851 4336 Plautus
867 4293 922 4352 per
939 4276 1149 4334 attractionem
1166 4273 1215 4332 rel
1232 4270 1365 4332 assimila·

256 4374 368 4448 tionem
390 4375 429 4436 co
456 4375 575 4436 modum
604 4377 819 4438 enuntiationis
847 4378 996 4456 primariae
1025 4377 1125 4455 ponit,
1154 4395 1184 4438 v.
1207 4373 1246 4436 ad
1268 4371 1365 4450 Amph·
