2932 5010
538 533 571 588 V.
592 535 736 590 eui-6³9.
1136 541 1197 603 345

83 729 147 787 595.
174 727 267 788 Poen.
282 729 374 788 1633.
397 727 479 787 Pers.
492 730 564 789 796.
589 728 670 788 Trin.
686 729 735 789 66.
770 727 888 791 Trucul.
903 731 974 790 346.
998 731 1064 792 Ter.
1077 730 1197 792 Phorm.

82 831 146 888 223.
181 829 253 890 Hor.
266 828 327 889 Sat.
339 829 378 903 ΙΙ,
398 833 427 903 7,
445 831 502 890 43’;
528 831 631 906 „aufer
646 851 693 891 me
712 832 798 891 uultu
814 830 959 892 terrere“.
983 861 1026 872 —
1049 835 1119 893 631.
1144 847 1199 912 eqo

79 932 134 992 iam
159 934 191 992 in
219 931 306 993 codd.
335 933 535 994 emendatum.
579 934 658 994 Ante
685 930 837 1012 quicquid
868 955 960 1012 quum
994 937 1058 994 sine
1091 935 1199 996 idonee

80 1055 164 1094 ceusu
175 1037 305 1114 spatium
322 1055 448 1096 vacuum
466 1035 603 1095 relictum
624 1041 711 1110 esset,
731 1037 900 1097 rubricator
917 1038 1027 1098 codicis
1045 1038 1199 1098 BEuclio·

79 1139 121 1196 nis
142 1158 251 1198 nomen
269 1140 405 1198 inseruit.
417 1167 461 1180 -
474 1140 545 1198 632.
563 1138 678 1198 Nonius
695 1159 725 1218 p.
740 1141 817 1200 396:
833 1134 982 1214 ,Sumere
998 1146 1044 1200 est
1054 1144 1197 1219 accipere,

77 1239 207 1314 tollere“‚
233 1241 406 1318 paulopost
424 1241 454 1301 b.
466 1261 494 1301 v.
512 1243 555 1301 sic
572 1247 745 1318 corruptum
765 1241 866 1301 affert:
892 1263 971 1316 „non
989 1244 1125 1320 equidem
1144 1263 1198 1319 ego

78 1363 132 1420 qua
157 1345 316 1420 uoluptate
343 1345 434 1403 sumsi
463 1363 559 1420 neque
581 1340 698 1421 tetigi“.
721 1375 764 1386 -
788 1347 858 1404 633.
893 1339 957 1406 Em
979 1366 1006 1406 v.
1030 1345 1068 1405 ed
1091 1345 1198 1426 Amph.

78 1449 145 1504 771.
168 1441 292 1506 ostende
313 1445 341 1504 D
363 1452 395 1505 st
415 1447 440 1520 1,
464 1451 534 1506 cett.
560 1444 738 1522 „ostendo“;
763 1447 799 1506 de
821 1449 956 1526 perlecto
979 1449 1016 1508 cl.
1036 1449 1074 1507 ed
1091 1449 1198 1527 Amph.

78 1551 122 1611 52.
159 1548 250 1627 Epid.
282 1550 342 1608 672
372 1549 499 1624 legitur:
541 1548 681 1622 „Uineire
714 1545 785 1610 uis?
820 1569 882 1623 em,
911 1551 1037 1610 ostendo
1064 1548 1198 1626 menus“.

76 1649 190 1710 Gruter.
222 1655 254 1710 et
280 1655 480 1728 posteriorum
512 1651 648 1729 plerique
680 1653 722 1710 sic
756 1652 964 1727 distinguunt:
1013 1653 1113 1727 ,sun
1143 1653 1199 1712 Em

75 1752 135 1812 tibi.
176 1753 241 1814 EU.
265 1753 404 1814 Ostende.
446 1753 527 1814 STR.
552 1751 675 1815 Ecces“.
698 1785 741 1796 -
765 1752 904 1828 testium
934 1755 1077 1828 ridicule;
1110 1755 1199 1816 bomo

76 1858 254 1934 suspiciosus
295 1877 456 1934 numquam
495 1862 647 1916 contentus
690 1863 750 1930 est,
799 1859 933 1933 quamvis
972 1863 1107 1934 apertum
1149 1859 1198 1933 sit,

75 1956 233 2018 Strobilum
255 1959 331 2018 nibil
352 1959 472 2019 bebere.
490 1989 533 2000 —
552 1959 623 2019 634.
647 1953 781 2032 Laruae,
805 1979 832 2020 v.
846 1959 954 2038 Amph.
973 1961 1044 2020 770.
1091 1956 1200 2020 tutent—

72 2058 183 2136 pm'ae,
201 2081 295 2138 supra
313 2065 362 2122 71.
375 2091 418 2102 -
432 2063 502 2122 635.
527 2055 661 2122 Facitne
678 2057 755 2121 mibi
770 2058 936 2134 intertium
959 2081 1064 2121 versus
1079 2063 1201 2138 longior

74 2163 206 2237 videtum
241 2164 332 2223 Weis.
354 2159 475 2238 „mibi“,
499 2163 606 2238 Wagn.
634 2163 779 2237 ,Fateor“
806 2165 863 2224 del.
913 2165 988 2222 Mihi
1010 2167 1104 2242 megia
1129 2185 1199 2243 pro·

74 2265 160 2324 betur
181 2266 286 2326 Bothii
307 2267 410 2326 lectio:
438 2265 549 2339 ,Fecin
571 2268 612 2325 mi
634 2264 806 2326 iniurium“.
824 2295 868 2307 —-
888 2266 994 2326 Euclio
1019 2267 1198 2345 respondet:

78 2368 230 2440 ,Profecto
259 2371 416 2428 munimem
444 2369 501 2427 tibi
530 2370 671 2428 iniuriam
695 2371 792 2442 ¹focio,
822 2369 903 2448 quod
925 2375 957 2428 te
978 2369 1109 2428 nondum
1133 2391 1199 2430 sus-

73 2471 173 2546 pendi,
204 2478 241 2530 ut
269 2467 502 2544 verberareris“,
531 2473 567 2531 ci.
598 2472 636 2530 ud
657 2473 742 2532 Asin.
767 2474 838 2531 297.
863 2503 905 2512 -
929 2473 1000 2532 636.
1031 2467 1117 2533 Niue
1137 2520 1143 2533 .
1166 2519 1198 2534 ..

73 2567 188 2648 uellem,
212 2579 235 2633 i.
254 2593 280 2633 e.
306 2573 373 2648 „vel
395 2575 496 2651 potius
519 2573 549 2631 di
572 2593 618 2632 me
640 2574 783 2652 perdent,
807 2578 869 2633 nisi
888 2575 1078 2634 vehementer
1100 2575 1198 2651 doleo,

74 2675 148 2750 quod
171 2675 252 2735 nibil
276 2674 426 2748 abstuli“;
448 2696 516 2734 nam
539 2695 629 2753 quum
651 2697 684 2735 se
706 2678 782 2736 nihil
799 2678 957 2737 abstulisse
975 2675 1110 2752 affirmet,
1134 2684 1199 2737 tum

74 2777 102 2834 id
123 2777 224 2837 dicere
248 2778 360 2852 studet,
384 2779 465 2856 quod
487 2777 591 2838 Euclio
616 2799 695 2854 segre
717 2781 805 2839 ferat.
857 2779 927 2839 Hoec
948 2780 1048 2852 verbe,
1080 2801 1145 2858 quse
1168 2783 1200 2840 in

74 2880 153 2940 codd.
178 2881 319 2940 Euclioni
341 2880 687 2954 tribuuntur,.Strobili
710 2903 775 2941 esse
797 2882 949 2941 intellexit
971 2883 1109 2956 Botbiue,
1145 2883 1198 2942 sed

74 2988 158 3057 errat,
191 2982 274 3060 quod
302 3002 367 3041 eum
391 3003 490 3042 secum
514 2983 578 3042 brec
599 2984 681 3060 loqui
704 2989 803 3062 putat.
859 2983 933 3042 Post
958 2979 1072 3044 uellem
1098 2986 1198 3044 hiatus

73 3085 102 3142 in
123 3085 255 3159 diteresi3
278 3085 396 3144 Miller.
423 3083 505 3157 ,me“
536 3085 675 3144 addebat.
701 3115 739 3126 -·
765 3089 835 3146 639.
872 3081 938 3146 Tuo
962 3081 1132 3160 arbitratu,
1164 3092 1199 3146 ut

73 3185 125 3245 tibi
146 3189 264 3266 placet,
288 3187 325 3246 cf.
350 3189 420 3247 646.
463 3187 567 3246 Bacch.
593 3189 663 3246 671.
705 3188 788 3248 Asin.
814 3190 884 3248 326.
925 3187 1031 3248 Pseud.
1057 3191 1127 3248 665.
1156 3219 1199 3230 -·

73 3286 193 3350 tunicas
221 3311 248 3349 v.
274 3291 312 3348 ad
334 3290 442 3368 Amph.
468 3291 538 3349 364.
572 3289 642 3349 Haec
665 3291 751 3351 Both.
776 3289 884 3364 Weis,
916 3293 1001 3369 quasi
1029 3293 1199 3368 interrupta

73 3389 190 3451 Strobili
219 3391 319 3451 verbis
341 3395 506 3465 sententia,
542 3411 607 3452 cum
638 3392 881 3452 antecedentibus
909 3394 1051 3470 iungunt:
1085 3393 1199 3452 Excute

73 3494 207 3568 pallium,
330 3516 366 3554 ne
389 3495 513 3566 habeas,
545 3495 595 3552 sed
626 3495 699 3553 nihil
722 3495 856 3573 impedit,
888 3515 948 3572 quo
977 3499 1074 3554 minus
1109 3498 1198 3554 etium

75 3615 192 3656 excusso
215 3597 308 3675 pollio
329 3597 409 3656 inter
430 3600 547 3656 tunicas
571 3597 685 3674 aliquid
708 3599 829 3656 celetur.
863 3599 1013 3658 Immone
1031 3597 1199 3671 est,rnodo

72 3694 124 3756 ne“
150 3718 312 3777 suppressa
334 3720 394 3758 non
418 3699 542 3776 optandi
566 3699 618 3758 sed
641 3701 763 3759 verendi
786 3703 915 3774 notione,
939 3701 976 3760 cf.
1000 3700 1058 3760 cio.
1078 3701 1144 3760 Fin.
1162 3701 1197 3775 V,

75 3801 99 3871 3,
123 3803 156 3859 8:
195 3799 273 3876 „Sed
296 3821 347 3875 ns,
384 3802 453 3860 dum
475 3802 545 3860 huic
567 3803 730 3880 obsequor,
759 3803 844 3862 vobis
871 3804 1012 3862 molestus
1035 3799 1126 3876 sim“;
1161 3804 1200 3862 ad

74 3920 156 3977 quem
180 3904 279 3962 locuni
297 3903 466 3979 Madvigius
484 3905 599 3964 confert
617 3905 683 3965 Ter.
701 3905 777 3964 Eun.
801 3908 876 3966 183:
913 3907 1042 3980 „Uerum
1064 3927 1102 3964 ne
1125 3904 1200 3964 fiant

74 4005 122 4060 isti
143 4008 255 4081 uiginti
279 4003 372 4066 diest
414 4007 521 4066 Heaut.
543 4009 620 4066 617:
652 4010 711 4082 „At
734 4019 768 4067 ut
790 4013 864 4067 satis
888 4009 1090 4085 contemplate
1111 4008 1198 4066 modo

73 4103 141 4166 sis“.
186 4109 245 4167 nd.
278 4109 355 4168 835:
393 4109 457 4183 „Ne
480 4111 604 4169 nimium
626 4110 715 4169 modo
812 4131 865 4169 nos
964 4117 1033 4169 tuus
1056 4113 1113 4168 iste
1136 4112 1198 4168 ani·

74 4225 135 4266 mus
157 4229 270 4286 aequos
292 4210 479 4272 subuortst“.
524 4211 623 4270 Pleut.
647 4211 739 4271 Stich.
759 4215 836 4273 600:
863 4213 922 4285 ,nt
944 4213 996 4271 ille
1018 4233 1054 4270 ne
1078 4232 1199 4270 suscen-

74 4307 165 4370 seed.
219 4313 310 4372 Most.
342 4316 418 4374 907:
462 4315 520 4387 ,At
553 4317 632 4372 euim
661 4334 698 4372 ne
727 4317 799 4391 quid
828 4317 959 4393 captioni
987 4315 1059 4373 mihi
1087 4317 1139 4388 sit,
1173 4315 1204 4373 si

74 4407 206 4472 dederim
231 4413 317 4474 tibi“.
363 4416 431 4476 edd.
450 4417 532 4476 Pers.
547 4417 624 4476 540:
650 4417 712 4492 „Ne
736 4419 803 4495 quis
824 4437 897 4477 uero
922 4437 958 4476 ex
979 4417 1094 4476 Arabia
1115 4419 1198 4494 peni·
