2932 5010
248 487 309 550 332
729 480 882 534 Aulularia.
913 546 917 552 ³

248 678 299 736 elii
320 681 392 754 poet
415 678 475 736 520
498 675 696 748 inseruerunt,
719 695 811 753 quum
832 679 939 734 neutro
961 675 1027 734 loeo
1050 674 1254 749 desideretur3
1283 675 1374 734 nobis

248 783 365 840 cautius
386 781 482 838 visum
505 784 550 836 est
572 777 610 836 ad
633 777 818 856 deperditam
839 777 948 836 fabula
969 782 1084 854 partam
1105 777 1227 849 referre,
1250 797 1278 835 v.
1298 779 1372 837 825.

245 909 288 924 -·
312 875 478 942 semicocta
511 880 583 940 alibi
609 900 668 939 non
697 885 952 940 commemoratur.
975 909 1020 920 -
1049 879 1120 940 509.
1147 873 1281 939 Absolvi
1300 899 1374 957 pro·

245 986 312 1063 prie
333 983 451 1055 dicitur,
475 984 526 1060 qui
544 983 663 1041 sublata
678 1003 763 1042 more
781 983 953 1055 dimittitur,
975 983 1149 1059 plerumque
1165 984 1214 1040 oui
1231 985 1372 1060 pecunia,

247 1106 335 1164 quam
356 1087 444 1164 petit,
468 1086 565 1144 solnta
588 1091 646 1159 est,
674 1105 702 1145 v.
726 1085 811 1145 Curc.
836 1087 907 1144 454.
951 1083 1040 1163 Epid.
1065 1087 1136 1145 622.
1180 1083 1273 1143 Most.
1297 1086 1372 1145 638.

245 1189 353 1248 Peud.
374 1189 465 1246 1227.
504 1187 647 1246 Τετ.Δ(1.
673 1189 743 1247 277.
770 1190 841 1248 282.
882 1187 927 1248 cf.
944 1187 1052 1266 Amph.
1079 1189 1170 1247 1113.
1192 1217 1237 1227 -
1260 1183 1378 1247 cedunt

246 1293 266 1351 i.
291 1311 317 1349 e.
340 1289 492 1361 incedunt,
515 1309 543 1348 v.
568 1289 606 1348 ad
628 1289 710 1349 Asin.
735 1290 807 1350 402.
830 1291 908 1350 iutra
933 1292 1003 1350 518.
1036 1289 1151 1348 Nonius
1173 1309 1204 1367 p.
1223 1292 1294 1362 251,
1320 1292 1374 1366 qui

246 1393 324 1452 hune
341 1411 458 1451 versum
477 1391 572 1451 affert.
593 1421 629 1432 -
656 1393 726 1452 510.
750 1413 854 1451 versus
877 1397 1044 1470 corruptus.
1080 1386 1209 1452 licceat
1225 1392 1299 1450 ferri
1311 1412 1374 1451 nou

246 1499 348 1572 potest
364 1495 422 1552 uisi
440 1493 542 1552 addito
560 1513 675 1570 genere,
698 1515 752 1552 neo
765 1509 834 1554 mem
846 1500 898 1553 aut
908 1509 1001 1572 quom
1011 1494 1108 1553 locum
1119 1493 1220 1568 habet,
1245 1501 1277 1553 et
1287 1494 1375 1552 deest

247 1597 372 1672 syllaba,
397 1597 537 1672 qnoniam
552 1591 753 1673 phyladsiae
773 1599 900 1674 primam
924 1598 1042 1655 brevem
1063 1596 1164 1656 hebet.
1205 1595 1371 1668 Acidaliae,

248 1719 335 1775 quem
367 1699 457 1773 vulgo
490 1704 654 1775 sequnntur
687 1699 808 1758 edentes
846 1700 1003 1773 „Trecenti
1038 1697 1262 1772 circumstaut“,
1296 1699 1373 1757 nihil

246 1809 357 1877 prater
373 1809 500 1859 metrum
517 1800 654 1860 correxit.
688 1800 720 1860 Si
732 1797 925 1879 phylseictce
939 1799 1128 1874 „serventoff
1149 1809 1229 1874 sunt,
1254 1821 1373 1859 necesse

247 1910 292 1962 est
309 1906 339 1962 in
357 1905 455 1962 verbis
474 1900 588 1963 treceni
604 1919 674 1964 mm
685 1923 778 1979 genus
790 1904 912 1981 eliquod
923 1904 1075 1963 homiuum
1094 1904 1188 1962 latest
1204 1906 1372 1981 composito

246 2007 364 2065 nomine
386 2008 449 2064 sive
471 2025 489 2064 a
509 2008 593 2064 tricia
615 2009 679 2066 eive
702 2007 832 2066 aliunde.
857 2033 894 2047 -·
922 2008 992 2066 511,
1026 2005 1159 2065 ianime
1188 2001 1371 2078 limbulnrie',

247 2109 299 2183 qui
321 2107 461 2166 limbulos
483 2113 603 2182 texuut;
637 2115 683 2167 est
706 2115 805 2168 antem
828 2109 945 2181 limbus,
974 2114 1009 2167 ut
1030 2109 1075 2166 ait
1096 2107 1217 2166 Servius
1240 2107 1279 2165 ad
1300 2107 1371 2166 AEu.

248 2208 297 2280 lv,
325 2211 382 2268 137
407 2217 437 2268 et
458 2210 497 2283 11,
522 2212 597 2284 616,
630 2211 740 2285 „faesia
768 2231 833 2288 quse
862 2211 956 2270 ambit
985 2213 1206 2269 extremitatem
1229 2214 1370 2281 vestium,

249 2329 315 2387 quse
342 2312 446 2378 instita
474 2310 615 2372 dicitur“.
660 2313 746 2373 ovid.
769 2313 843 2373 Met.
866 2312 901 2386 V,
927 2315 980 2372 51:
1018 2312 1162 2386 „Indutue
1185 2313 1372 2388 chlamydem

248 2413 383 2488 Tyriam,
414 2433 501 2489 qnam
529 2415 638 2474 limbus
660 2415 764 2474 obibat
786 2413 922 2475 eureue“.
967 2415 1076 2475 Parum
1098 2423 1237 2474 accurate
1259 2416 1372 2474 Nouius

248 2535 278 2592 p.
299 2516 375 2574 541:
402 2515 543 2587 „Limbns
564 2517 709 2576 muliebre
730 2519 950 2591 vestimentum,
975 2517 1053 2596 quod
1076 2537 1241 2595 purpuram
1262 2521 1372 2576 inimo

249 2612 369 2690 habet“‚
389 2618 442 2676 sed
453 2619 485 2676 in
496 2619 552 2678 hoc
562 2639 651 2678 versu
661 2619 812 2679 afferendo
824 2639 924 2678 veram
937 2621 1078 2680 adiectivi
1095 2621 1225 2680 formem
1242 2621 1374 2679 servarit

250 2717 445 2794 (limbolarii).
458 2751 500 2761 —
511 2715 674 2782 Arcuiarii
690 2742 749 2782 nou
767 2725 789 2782 ii
801 2723 990 2797 intelligendi
1009 2723 1160 2795 videntur,
1184 2725 1236 2800 qni
1259 2723 1373 2782 arculas

249 2821 423 2880 mulieribus
436 2823 557 2898 sedunt,
571 2825 673 2902 quales
686 2831 897 2886 commemorat
909 2825 969 2884 Cic.
982 2823 1037 2884 off.
1050 2824 1088 2898 11,
1102 2827 1130 2898 7,
1145 2827 1195 2897 25,
1208 2825 1261 2883 sed
1272 2830 1372 2902 potins

251 2929 399 2996 „textores
419 2924 588 3000 arcularii“,
612 2930 663 3004 qni
680 2927 795 2987 arculas
814 2933 928 3000 texunt,
952 2929 972 2985 i.
986 2947 1010 2986 e.
1035 2927 1165 2986 scutulas
1189 2930 1252 2986 eive
1274 2929 1372 2986 rhom-

248 3026 315 3098 bos,
350 3033 383 3085 ut
405 3030 446 3085 eit
468 3027 646 3088 Censorinus
667 3050 698 3108 p.
722 3031 762 3089 84
784 3029 881 3103 Jahn„
908 3028 997 3087 unde·
1015 3029 1166 3088 scutulata
1194 3032 1372 3088 vestimenta

248 3127 428 3200 dictasunt,
452 3149 480 3190 v.
504 3129 701 3208 linquendi,
724 3131 809 3191 Rem.
833 3131 1057 3191 Privatalterth.
1080 3131 1124 3202 11,
1147 3149 1177 3207 p.
1205 3133 1275 3190 140.
1315 3131 1371 3190 Sed

248 3231 302 3290 hoo
318 3251 381 3290 voe.
395 3251 498 3290 versus
514 3235 720 3293 terminandus
740 3241 795 3292 sat.
836 3234 907 3306 Ques
927 3239 1094 3310 sequuntur
1112 3233 1169 3291 hoo
1188 3238 1219 3290 et
1238 3237 1371 3310 proximo

247 3353 349 3406 versu,
384 3341 415 3392 ot
444 3335 545 3411 ἄμετρα
577 3343 649 3395 eunt
681 3357 735 3395 neo
768 3337 903 3413 alioquin
930 3337 1062 3395 ferenda.
1119 3329 1293 3395 Ducuntur
1319 3355 1370 3412 pro

247 3435 479 3494 introducuntur
505 3436 565 3496 dici
592 3459 653 3498 uon
674 3444 784 3517 potest.
840 3433 911 3498 Iam
938 3434 1029 3498 iwace
1055 3433 1215 3498 1153012103
1250 3451 1371 3497 caracae

248 3555 329 3594 mera
350 3539 491 3614 repetitio
514 3547 559 3598 eet
575 3560 679 3600 versus
697 3543 756 3600 509
776 3559 877 3600 errore
898 3541 985 3600 facta.
1003 3571 1046 3580 -
1065 3542 1124 3600 513
1149 3539 1239 3598 effert
1261 3539 1370 3599 Nonius

249 3658 278 3715 p.
305 3640 381 3697 549:
420 3632 574 3712 „Oroeola
603 3644 700 3702 croesi
721 3644 830 3702 coloris
853 3646 953 3703 vestis.
998 3643 1123 3702 Plautus
1146 3645 1177 3701 in
1200 3643 1368 3700 Aulularia:

249 3760 314 3798 oum
337 3741 500 3801 incendunt
522 3744 680 3804 infectores
703 3743 892 3806 crocotarii“.
938 3745 980 3804 (li.
1004 3744 1097 3804 Cicer.
1122 3745 1195 3804 Her.
1220 3763 1298 3820 resp.
1322 3745 1366 3813 21,

249 3850 300 3906 44.
319 3847 398 3906 iufra
417 3849 488 3906 825.
523 3846 610 3924 Epid.
625 3849 701 3907 228:
727 3847 956 3924 „crocotulam“,
980 3847 1059 3906 unde
1082 3847 1130 3906 hic
1148 3865 1270 3924 quoque
1287 3845 1368 3903 metri

248 3969 338 4026 cause
364 3949 456 4010 Weie.
479 3949 618 4007 Bothium
647 3957 781 4010 secutus:
819 3947 1056 4023 „crocotularii“,
1085 3969 1177 4025 quum
1206 3948 1365 4007 Francken.

251 4053 444 4126 „corcotarii“
470 4052 565 4110 malit.
588 4079 632 4091 -
655 4055 725 4111 514.
748 4047 841 4112 Malo
864 4067 948 4125 orum
973 4052 1008 4110 oi.
1034 4053 1105 4111 623.
1140 4051 1245 4110 Bacch.
1269 4049 1336 4109 562.

292 4140 300 4156 ’
337 4156 406 4214 515.
440 4147 617 4228 Conpellem
637 4153 753 4214 Acidsl.
776 4175 833 4214 em.
856 4183 898 4194 -
923 4156 993 4212 516.
1016 4151 1073 4228 sic,
1097 4156 1117 4213 i.
1140 4173 1166 4210 s.
1190 4153 1361 4230 loquentem.

249 4283 292 4297 -·
316 4259 386 4316 517.
428 4251 488 4318 Ubi
515 4256 551 4315 cf.
584 4258 654 4316 190.
683 4285 726 4297 -
759 4251 1004 4334 „Neptemdod
1042 4257 1085 4313 ait
1114 4254 1228 4314 Nouius
1256 4275 1284 4332 p.
1309 4253 1361 4311 144

252 4357 394 4430 „Plautus
411 4359 471 4418 dici
492 4359 589 4417 voluit
611 4377 713 4417 omnes
736 4379 794 4432 eos,
819 4360 870 4436 qni
893 4357 1009 4434 aliquid
1031 4357 1206 4415 mulieribus
1226 4356 1361 4424 vendeut;
