<?xml version="1.0" encoding="UTF-8"?>
<!DOCTYPE html PUBLIC "-//W3C//DTD XHTML 1.0 Transitional//EN"
    "http://www.w3.org/TR/xhtml1/DTD/xhtml1-transitional.dtd">
<html xmlns="http://www.w3.org/1999/xhtml" xml:lang="en" lang="en">
 <head>
  <title>
</title>
<meta http-equiv="Content-Type" content="text/html;charset=utf-8" />
  <meta name='ocr-system' content='tesseract 3.04.00' />
  <meta name='ocr-capabilities' content='ocr_page ocr_carea ocr_par ocr_line ocrx_word'/>
</head>
<body>
  <div class='ocr_page' id='page_1' title='image "./tmacciiplautico00ussigoog_0047.png"; bbox 0 0 2960 5012; ppageno 0'>
   <div class='ocr_carea' id='block_1_1' title="bbox 815 518 1406 589">
    <p class='ocr_par' dir='ltr' id='par_1_1' title="bbox 815 518 1406 589">
     <span class='ocr_line' id='line_1_1' title="bbox 815 518 1406 589; baseline 0.007 -17"><span class='ocrx_word' id='word_1_1' title='bbox 815 518 908 572; x_wconf 87' lang='lat' dir='ltr'>Plauti</span> <span class='ocrx_word' id='word_1_2' title='bbox 1269 520 1334 589; x_wconf 69' lang='lat' dir='ltr'>Ile,</span> <span class='ocrx_word' id='word_1_3' title='bbox 1347 524 1406 576; x_wconf 84' lang='grc'>1-3</span> 
     </span>
    </p>
   </div>
   <div class='ocr_carea' id='block_1_2' title="bbox 440 789 1282 967">
    <p class='ocr_par' dir='ltr' id='par_1_2' title="bbox 440 789 1282 967">
     <span class='ocr_line' id='line_1_2' title="bbox 440 789 1282 860; baseline 0.001 -1"><span class='ocrx_word' id='word_1_4' title='bbox 440 789 672 859; x_wconf 84' lang='lat' dir='ltr'>STROBILUS</span> <span class='ocrx_word' id='word_1_5' title='bbox 697 789 870 858; x_wconf 85' lang='lat' dir='ltr'>SERUOS.</span> <span class='ocrx_word' id='word_1_6' title='bbox 916 791 1136 858; x_wconf 84' lang='lat' dir='ltr'>STAPHYLA</span> <span class='ocrx_word' id='word_1_7' title='bbox 1159 793 1282 860; x_wconf 80' lang='lat' dir='ltr'>ANUS.</span> 
     </span>
     <span class='ocr_line' id='line_1_3' title="bbox 674 898 1048 967; baseline 0 -1"><span class='ocrx_word' id='word_1_8' title='bbox 674 898 884 966; x_wconf 76' lang='lat' dir='ltr'><em>CONGRIO</em></span> <span class='ocrx_word' id='word_1_9' title='bbox 906 899 1048 967; x_wconf 84' lang='lat' dir='ltr'>GOOUS.</span> 
     </span>
    </p>
   </div>
   <div class='ocr_carea' id='block_1_3' title="bbox 299 1053 1337 1660">
    <p class='ocr_par' dir='ltr' id='par_1_3' title="bbox 299 1053 1337 1660">
     <span class='ocr_line' id='line_1_4' title="bbox 758 1053 961 1120; baseline 0.005 -1"><span class='ocrx_word' id='word_1_10' title='bbox 758 1053 961 1120; x_wconf 91' lang='lat' dir='ltr'>Strobilus</span> 
     </span>
     <span class='ocr_line' id='line_1_5' title="bbox 299 1161 1212 1248; baseline -0.001 -19"><span class='ocrx_word' id='word_1_11' title='bbox 299 1163 399 1242; x_wconf 86' lang='lat' dir='ltr'>Heus,</span> <span class='ocrx_word' id='word_1_12' title='bbox 424 1161 591 1247; x_wconf 80' lang='lat' dir='ltr'>Staphyla,</span> <span class='ocrx_word' id='word_1_13' title='bbox 613 1162 708 1246; x_wconf 91' lang='lat' dir='ltr'>prodi</span> <span class='ocrx_word' id='word_1_14' title='bbox 730 1168 831 1246; x_wconf 89' lang='lat' dir='ltr'>atque</span> <span class='ocrx_word' id='word_1_15' title='bbox 854 1165 974 1228; x_wconf 88' lang='lat' dir='ltr'>ostium</span> <span class='ocrx_word' id='word_1_16' title='bbox 997 1164 1097 1248; x_wconf 88' lang='lat' dir='ltr'>aperi.</span> <span class='ocrx_word' id='word_1_17' title='bbox 1209 1183 1212 1190; x_wconf 93' lang='lat'>·</span> 
     </span>
     <span class='ocr_line' id='line_1_6' title="bbox 762 1269 959 1354; baseline -0.005 -19"><span class='ocrx_word' id='word_1_18' title='bbox 762 1269 959 1354; x_wconf 80' lang='lat' dir='ltr'><strong>Staphyla</strong></span> 
     </span>
     <span class='ocr_line' id='line_1_7' title="bbox 1135 1379 1337 1459; baseline 0.01 -15"><span class='ocrx_word' id='word_1_19' title='bbox 1135 1379 1197 1459; x_wconf 81' lang='lat' dir='ltr'>Qui</span> <span class='ocrx_word' id='word_1_20' title='bbox 1219 1383 1337 1447; x_wconf 84' lang='lat' dir='ltr'>uocat?</span> 
     </span>
     <span class='ocr_line' id='line_1_8' title="bbox 759 1478 963 1552; baseline -0.005 0"><span class='ocrx_word' id='word_1_21' title='bbox 759 1478 963 1552; x_wconf 89' lang='lat' dir='ltr'>Strobilus</span> 
     </span>
     <span class='ocr_line' id='line_1_9' title="bbox 303 1593 476 1660; baseline -0.012 0"><span class='ocrx_word' id='word_1_22' title='bbox 303 1593 476 1660; x_wconf 86' lang='lat' dir='ltr'>Strobilus.</span> 
     </span>
    </p>
   </div>
   <div class='ocr_carea' id='block_1_4' title="bbox 762 1701 959 1786">
    <p class='ocr_par' dir='ltr' id='par_1_4' title="bbox 762 1701 959 1786">
     <span class='ocr_line' id='line_1_10' title="bbox 762 1701 959 1786; baseline 0.005 -20"><span class='ocrx_word' id='word_1_23' title='bbox 762 1701 959 1786; x_wconf 80' lang='lat' dir='ltr'>Staphyla</span> 
     </span>
    </p>
   </div>
   <div class='ocr_carea' id='block_1_5' title="bbox 302 1809 1259 2664">
    <p class='ocr_par' dir='ltr' id='par_1_5' title="bbox 429 1809 1203 2112">
     <span class='ocr_line' id='line_1_11' title="bbox 517 1809 695 1888; baseline -0.006 -13"><span class='ocrx_word' id='word_1_24' title='bbox 517 1809 602 1888; x_wconf 87' lang='lat' dir='ltr'><strong>Quid</strong></span> <span class='ocrx_word' id='word_1_25' title='bbox 623 1810 695 1875; x_wconf 81' lang='lat' dir='ltr'>uis?</span> 
     </span>
     <span class='ocr_line' id='line_1_12' title="bbox 758 1917 963 1983; baseline -0.005 -1"><span class='ocrx_word' id='word_1_26' title='bbox 758 1917 963 1983; x_wconf 89' lang='lat' dir='ltr'>Strobilus</span> 
     </span>
     <span class='ocr_line' id='line_1_13' title="bbox 429 2025 1203 2112; baseline 0.005 -22"><span class='ocrx_word' id='word_1_27' title='bbox 429 2103 433 2112; x_wconf 23' lang='grc' dir='ltr'>ι</span> <span class='ocrx_word' id='word_1_28' title='bbox 731 2025 835 2092; x_wconf 83' lang='lat' dir='ltr'>Hosce</span> <span class='ocrx_word' id='word_1_29' title='bbox 857 2031 894 2090; x_wconf 95' lang='lat' dir='ltr'>ut</span> <span class='ocrx_word' id='word_1_30' title='bbox 915 2026 1059 2110; x_wconf 79' lang='lat' dir='ltr'>accipias</span> <span class='ocrx_word' id='word_1_31' title='bbox 1082 2048 1203 2112; x_wconf 87' lang='lat' dir='ltr'>coquos</span> 
     </span>
    </p>

    <p class='ocr_par' dir='ltr' id='par_1_6' title="bbox 303 2133 1029 2219">
     <span class='ocr_line' id='line_1_14' title="bbox 303 2133 1029 2219; baseline 0 -22"><span class='ocrx_word' id='word_1_32' title='bbox 303 2133 549 2219; x_wconf 82' lang='lat' dir='ltr'>Tibicinamque</span> <span class='ocrx_word' id='word_1_33' title='bbox 573 2136 811 2219; x_wconf 89' lang='lat' dir='ltr'>opsoninmque</span> <span class='ocrx_word' id='word_1_34' title='bbox 834 2135 868 2198; x_wconf 92' lang='lat' dir='ltr'>in</span> <span class='ocrx_word' id='word_1_35' title='bbox 890 2134 1029 2217; x_wconf 75' lang='lat' dir='ltr'>nuptias.</span> 
     </span>
    </p>

    <p class='ocr_par' dir='ltr' id='par_1_7' title="bbox 302 2241 1055 2450">
     <span class='ocr_line' id='line_1_15' title="bbox 302 2241 1055 2326; baseline -0.004 -18"><span class='ocrx_word' id='word_1_36' title='bbox 302 2241 497 2326; x_wconf 86' lang='lat' dir='ltr'>Megadorus</span> <span class='ocrx_word' id='word_1_37' title='bbox 520 2245 619 2310; x_wconf 90' lang='lat' dir='ltr'>iussit</span> <span class='ocrx_word' id='word_1_38' title='bbox 639 2243 788 2309; x_wconf 83' lang='lat' dir='ltr'>Euclioni</span> <span class='ocrx_word' id='word_1_39' title='bbox 810 2242 892 2306; x_wconf 88' lang='lat' dir='ltr'>haee</span> <span class='ocrx_word' id='word_1_40' title='bbox 915 2243 1055 2307; x_wconf 89' lang='lat' dir='ltr'>mittere.</span> 
     </span>
     <span class='ocr_line' id='line_1_16' title="bbox 762 2367 958 2450; baseline -0.015 -17"><span class='ocrx_word' id='word_1_41' title='bbox 762 2367 958 2450; x_wconf 86' lang='lat' dir='ltr'>Staphyla</span> 
     </span>
    </p>

    <p class='ocr_par' dir='ltr' id='par_1_8' title="bbox 302 2473 1259 2664">
     <span class='ocr_line' id='line_1_17' title="bbox 302 2473 1259 2558; baseline -0.002 -18"><span class='ocrx_word' id='word_1_42' title='bbox 302 2475 445 2558; x_wconf 82' lang='lat' dir='ltr'>Cereriu‚</span> <span class='ocrx_word' id='word_1_43' title='bbox 469 2476 619 2557; x_wconf 86' lang='lat' dir='ltr'>Strobile,</span> <span class='ocrx_word' id='word_1_44' title='bbox 642 2475 702 2541; x_wconf 88' lang='lat' dir='ltr'>has</span> <span class='ocrx_word' id='word_1_45' title='bbox 725 2480 801 2540; x_wconf 89' lang='lat' dir='ltr'>sunt</span> <span class='ocrx_word' id='word_1_46' title='bbox 822 2473 943 2538; x_wconf 83' lang='lat' dir='ltr'>facturi</span> <span class='ocrx_word' id='word_1_47' title='bbox 965 2475 1119 2558; x_wconf 78' lang='lat' dir='ltr'>nuptias?</span> <span class='ocrx_word' id='word_1_48' title='bbox 1255 2508 1259 2517; x_wconf 94' lang='lat'>·</span> 
     </span>
     <span class='ocr_line' id='line_1_18' title="bbox 758 2597 963 2664; baseline -0.005 0"><span class='ocrx_word' id='word_1_49' title='bbox 758 2597 963 2664; x_wconf 90' lang='lat' dir='ltr'>Strobilus</span> 
     </span>
    </p>
   </div>
   <div class='ocr_carea' id='block_1_6' title="bbox 299 2705 1413 4141">
    <p class='ocr_par' dir='ltr' id='par_1_9' title="bbox 301 2705 389 2784">
     <span class='ocr_line' id='line_1_19' title="bbox 301 2705 389 2784; baseline -0.011 -12"><span class='ocrx_word' id='word_1_50' title='bbox 301 2705 389 2784; x_wconf 76' lang='lat' dir='ltr'>Qui?</span> 
     </span>
    </p>

    <p class='ocr_par' dir='ltr' id='par_1_10' title="bbox 441 2815 1121 3006">
     <span class='ocr_line' id='line_1_20' title="bbox 762 2815 958 2899; baseline -0.005 -19"><span class='ocrx_word' id='word_1_51' title='bbox 762 2815 958 2899; x_wconf 85' lang='lat' dir='ltr'>Staphyla</span> 
     </span>
     <span class='ocr_line' id='line_1_21' title="bbox 441 2923 1121 3006; baseline -0.003 -16"><span class='ocrx_word' id='word_1_52' title='bbox 441 2923 526 3002; x_wconf 81' lang='lat' dir='ltr'>Quia</span> <span class='ocrx_word' id='word_1_53' title='bbox 547 2924 660 2990; x_wconf 87' lang='lat' dir='ltr'>temeti</span> <span class='ocrx_word' id='word_1_54' title='bbox 682 2923 763 2989; x_wconf 92' lang='lat' dir='ltr'>nihil</span> <span class='ocrx_word' id='word_1_55' title='bbox 788 2923 935 2988; x_wconf 88' lang='lat' dir='ltr'>adlatum</span> <span class='ocrx_word' id='word_1_56' title='bbox 957 2923 1121 3006; x_wconf 79' lang='lat' dir='ltr'>intellego,</span> 
     </span>
    </p>

    <p class='ocr_par' dir='ltr' id='par_1_11' title="bbox 757 3049 962 3116">
     <span class='ocr_line' id='line_1_22' title="bbox 757 3049 962 3116; baseline -0.01 0"><span class='ocrx_word' id='word_1_57' title='bbox 757 3049 962 3116; x_wconf 82' lang='lat' dir='ltr'>Strobilos</span> 
     </span>
    </p>

    <p class='ocr_par' dir='ltr' id='par_1_12' title="bbox 301 3155 1096 3368">
     <span class='ocr_line' id='line_1_23' title="bbox 301 3155 1096 3242; baseline -0.005 -18"><span class='ocrx_word' id='word_1_58' title='bbox 301 3157 432 3224; x_wconf 80' lang='lat' dir='ltr'>Atiam</span> <span class='ocrx_word' id='word_1_59' title='bbox 455 3159 629 3242; x_wconf 77' lang='lat' dir='ltr'>adteretur,</span> <span class='ocrx_word' id='word_1_60' title='bbox 653 3159 681 3224; x_wconf 91' lang='lat' dir='ltr'>si</span> <span class='ocrx_word' id='word_1_61' title='bbox 703 3178 723 3222; x_wconf 90' lang='lat' dir='ltr'>a</span> <span class='ocrx_word' id='word_1_62' title='bbox 745 3155 815 3224; x_wconf 85' lang='lat' dir='ltr'>foro</span> <span class='ocrx_word' id='word_1_63' title='bbox 838 3159 930 3241; x_wconf 91' lang='lat' dir='ltr'>ipsus</span> <span class='ocrx_word' id='word_1_64' title='bbox 953 3155 1096 3222; x_wconf 88' lang='lat' dir='ltr'>redierit.</span> 
     </span>
     <span class='ocr_line' id='line_1_24' title="bbox 763 3283 964 3368; baseline -0.005 -19"><span class='ocrx_word' id='word_1_65' title='bbox 763 3283 964 3368; x_wconf 84' lang='lat' dir='ltr'>Staphyla</span> 
     </span>
    </p>

    <p class='ocr_par' dir='ltr' id='par_1_13' title="bbox 301 3391 945 3600">
     <span class='ocr_line' id='line_1_25' title="bbox 301 3391 893 3477; baseline -0.003 -19"><span class='ocrx_word' id='word_1_66' title='bbox 301 3393 406 3475; x_wconf 85' lang='lat' dir='ltr'>Ligna</span> <span class='ocrx_word' id='word_1_67' title='bbox 426 3393 480 3458; x_wconf 88' lang='lat' dir='ltr'>hio</span> <span class='ocrx_word' id='word_1_68' title='bbox 503 3393 590 3477; x_wconf 86' lang='lat' dir='ltr'>apud</span> <span class='ocrx_word' id='word_1_69' title='bbox 611 3413 670 3458; x_wconf 90' lang='lat' dir='ltr'>nos</span> <span class='ocrx_word' id='word_1_70' title='bbox 693 3391 784 3457; x_wconf 84' lang='lat' dir='ltr'>nulla</span> <span class='ocrx_word' id='word_1_71' title='bbox 807 3400 893 3457; x_wconf 91' lang='lat' dir='ltr'>sunt.</span> 
     </span>
     <span class='ocr_line' id='line_1_26' title="bbox 772 3515 945 3600; baseline 0.012 -20"><span class='ocrx_word' id='word_1_72' title='bbox 772 3515 945 3600; x_wconf 82' lang='lat' dir='ltr'>Congrio</span> 
     </span>
    </p>

    <p class='ocr_par' dir='ltr' id='par_1_14' title="bbox 936 3621 1189 3690">
     <span class='ocr_line' id='line_1_27' title="bbox 936 3621 1189 3690; baseline 0 -2"><span class='ocrx_word' id='word_1_73' title='bbox 936 3621 1019 3689; x_wconf 90' lang='lat' dir='ltr'>Sunt</span> <span class='ocrx_word' id='word_1_74' title='bbox 1040 3625 1189 3690; x_wconf 77' lang='lat' dir='ltr'>asseres?</span> 
     </span>
    </p>

    <p class='ocr_par' dir='ltr' id='par_1_15' title="bbox 762 3733 964 3817">
     <span class='ocr_line' id='line_1_28' title="bbox 762 3733 964 3817; baseline -0.005 -19"><span class='ocrx_word' id='word_1_75' title='bbox 762 3733 964 3817; x_wconf 87' lang='lat' dir='ltr'>Staphyla</span> 
     </span>
    </p>

    <p class='ocr_par' dir='ltr' id='par_1_16' title="bbox 299 3839 946 4032">
     <span class='ocr_line' id='line_1_29' title="bbox 299 3839 469 3924; baseline 0 -19"><span class='ocrx_word' id='word_1_76' title='bbox 299 3839 383 3905; x_wconf 89' lang='lat' dir='ltr'>Sunt</span> <span class='ocrx_word' id='word_1_77' title='bbox 404 3840 469 3924; x_wconf 93' lang='lat' dir='ltr'>pol.</span> 
     </span>
     <span class='ocr_line' id='line_1_30' title="bbox 774 3947 946 4032; baseline 0.006 -19"><span class='ocrx_word' id='word_1_78' title='bbox 774 3947 946 4032; x_wconf 82' lang='lat' dir='ltr'>Congrio</span> 
     </span>
    </p>

    <p class='ocr_par' dir='ltr' id='par_1_17' title="bbox 505 4056 1413 4141">
     <span class='ocr_line' id='line_1_31' title="bbox 505 4056 1413 4141; baseline -0.004 -19"><span class='ocrx_word' id='word_1_79' title='bbox 505 4057 587 4122; x_wconf 92' lang='lat' dir='ltr'>Sunt</span> <span class='ocrx_word' id='word_1_80' title='bbox 608 4057 708 4140; x_wconf 83' lang='lat' dir='ltr'>igitur</span> <span class='ocrx_word' id='word_1_81' title='bbox 729 4058 827 4141; x_wconf 84' lang='lat' dir='ltr'>ligna,</span> <span class='ocrx_word' id='word_1_82' title='bbox 851 4079 891 4122; x_wconf 91' lang='lat' dir='ltr'>ne</span> <span class='ocrx_word' id='word_1_83' title='bbox 914 4078 1053 4140; x_wconf 88' lang='lat' dir='ltr'>quaeras</span> <span class='ocrx_word' id='word_1_84' title='bbox 1075 4056 1163 4121; x_wconf 86' lang='lat' dir='ltr'>foris.</span> <span class='ocrx_word' id='word_1_85' title='bbox 1370 4071 1413 4126; x_wconf 79' lang='lat' dir='ltr'>aso</span> 
     </span>
    </p>
   </div>
   <div class='ocr_carea' id='block_1_7' title="bbox 301 4227 528 4237">
    <p class='ocr_par' dir='ltr' id='par_1_18' title="bbox 301 4227 528 4237">
     <span class='ocr_line' id='line_1_32' title="bbox 301 4227 528 4237; baseline 0.013 -3"><span class='ocrx_word' id='word_1_86' title='bbox 301 4228 318 4235; x_wconf 79' lang='grc'>.-</span> <span class='ocrx_word' id='word_1_87' title='bbox 338 4227 528 4237; x_wconf 76' lang='lat'><strong>——-—-</strong></span> 
     </span>
    </p>
   </div>
   <div class='ocr_carea' id='block_1_8' title="bbox 299 4309 1412 4476">
    <p class='ocr_par' dir='ltr' id='par_1_19' title="bbox 299 4309 1412 4476">
     <span class='ocr_line' id='line_1_33' title="bbox 368 4309 1412 4368; baseline 0.002 -6"><span class='ocrx_word' id='word_1_88' title='bbox 368 4309 405 4363; x_wconf 81' lang='lat' dir='ltr'>Ia</span> <span class='ocrx_word' id='word_1_89' title='bbox 422 4311 501 4367; x_wconf 78' lang='lat' dir='ltr'>titulo</span> <span class='ocrx_word' id='word_1_90' title='bbox 519 4310 616 4367; x_wconf 83' lang='lat' dir='ltr'>ANUS</span> <span class='ocrx_word' id='word_1_91' title='bbox 635 4310 747 4368; x_wconf 83' lang='lat' dir='ltr'>COCUS</span> <span class='ocrx_word' id='word_1_92' title='bbox 765 4313 839 4367; x_wconf 86' lang='lat' dir='ltr'>HYL</span> <span class='ocrx_word' id='word_1_93' title='bbox 908 4315 958 4368; x_wconf 87' lang='grc'>343</span> <span class='ocrx_word' id='word_1_94' title='bbox 975 4311 1034 4366; x_wconf 88' lang='lat' dir='ltr'>Hos</span> <span class='ocrx_word' id='word_1_95' title='bbox 1104 4313 1154 4366; x_wconf 86' lang='grc'>346</span> <span class='ocrx_word' id='word_1_96' title='bbox 1173 4317 1306 4368; x_wconf 83' lang='lat' dir='ltr'>euntem.</span> <span class='ocrx_word' id='word_1_97' title='bbox 1368 4309 1412 4366; x_wconf 82' lang='grc'>348</span> 
     </span>
     <span class='ocr_line' id='line_1_34' title="bbox 299 4393 1385 4476; baseline 0.006 -29"><span class='ocrx_word' id='word_1_98' title='bbox 299 4393 402 4448; x_wconf 82' lang='lat' dir='ltr'>Adiam</span> <span class='ocrx_word' id='word_1_99' title='bbox 471 4399 521 4452; x_wconf 89' lang='grc'>349</span> <span class='ocrx_word' id='word_1_100' title='bbox 540 4395 591 4452; x_wconf 83' lang='grc'>00.</span> <span class='ocrx_word' id='word_1_101' title='bbox 610 4397 701 4467; x_wconf 74' lang='lat' dir='ltr'>Ligna</span> <span class='ocrx_word' id='word_1_102' title='bbox 770 4397 848 4476; x_wconf 70' lang='lat' dir='ltr'>STR²</span> <span class='ocrx_word' id='word_1_103' title='bbox 868 4397 939 4453; x_wconf 90' lang='lat' dir='ltr'>Sunt</span> <span class='ocrx_word' id='word_1_104' title='bbox 1008 4399 1058 4453; x_wconf 79' lang='lat'>850</span> <span class='ocrx_word' id='word_1_105' title='bbox 1077 4397 1128 4452; x_wconf 84' lang='lat'>00.</span> <span class='ocrx_word' id='word_1_106' title='bbox 1150 4397 1220 4452; x_wconf 89' lang='lat' dir='ltr'>Sunt</span> <span class='ocrx_word' id='word_1_107' title='bbox 1238 4399 1292 4468; x_wconf 89' lang='lat' dir='ltr'>pol.</span> <span class='ocrx_word' id='word_1_108' title='bbox 1314 4398 1385 4453; x_wconf 84' lang='lat' dir='ltr'>STR</span> 
     </span>
    </p>
   </div>
   <div class='ocr_carea' id='block_1_9' title="bbox 0 0 1484 5012">
    <p class='ocr_par' dir='ltr' id='par_1_20' title="bbox 0 0 1484 5012">
     <span class='ocr_line' id='line_1_35' title="bbox 0 0 1484 5012; baseline 0 1"><span class='ocrx_word' id='word_1_109' title='bbox 0 0 1484 5012; x_wconf 95' lang='lat' dir='ltr'> </span> 
     </span>
    </p>
   </div>
  </div>
 </body>
</html>
