2932 5010
264 523 328 584 378
747 517 906 574 Bacchides.

261 711 392 771 deficiat.
428 711 524 770 Huius
543 718 642 770 antem
664 713 728 770 loco
752 715 872 790 ineptus
894 715 1092 790 interpolator
1115 735 1233 774 versum
1257 717 1292 774 35
1313 716 1374 774 snb-

263 816 369 884 stituit,
394 816 445 892 qui
467 835 558 891 quum
578 817 608 872 in
626 821 741 874 textum
759 821 895 892 receptus
914 823 1000 888 esset,
1025 836 1086 876 voc.
1106 833 1226 894 quoque
1242 820 1272 876 in
1288 819 1375 876 altero

262 937 350 976 versu
378 917 511 976 additum
542 923 603 991 est,
638 918 718 994 quod
747 918 858 978 Ritsch.
887 919 1029 978 suadente
1057 939 1146 977 versu
1175 920 1292 978 delevit.
1343 921 1375 978 In

259 1021 327 1080 eod.
351 1021 384 1078 B.
408 1029 478 1078 anta
502 1013 636 1097 Sequere
663 1017 720 1080 Aac
747 1024 876 1098 spatium
906 1041 1031 1082 vacuum
1063 1029 1124 1094 est,
1159 1043 1292 1100 personae
1311 1033 1374 1082 note

262 1123 393 1182 nondum
416 1124 576 1199 expletum.
623 1124 691 1182 Haec
718 1128 797 1184 enim
821 1125 912 1182 verba
933 1127 963 1182 in
988 1125 1090 1184 eadem
1114 1126 1193 1184 linea
1216 1145 1279 1184 cum
1301 1134 1374 1184 ante·

259 1225 437 1284 cedentibus
460 1231 620 1302 ponuntur,
652 1246 749 1303 neque
772 1231 802 1285 in
824 1229 969 1304 proximis
991 1247 1085 1305 usque
1108 1229 1146 1288 ad
1168 1249 1196 1286 v.
1220 1229 1260 1288 40
1282 1249 1374 1288 versus

262 1333 430 1402 sumantur,
454 1328 506 1387 sed
530 1339 590 1388 tres
614 1329 699 1388 lineae
722 1329 889 1406 explentur.

349 1433 397 1489 37.
432 1427 646 1507 eopnomineS,
677 1431 737 1491 vid.
762 1431 799 1489 ad
822 1452 849 1490 v.
877 1434 923 1490 16.
968 1433 1150 1492 Pistoclerus
1173 1453 1290 1492 sorores
1311 1435 1374 1492 ullo·

260 1535 372 1608 quitur.
418 1533 503 1605 Quod
527 1554 544 1592 s
566 1536 656 1592 tertia
677 1553 806 1611 persona
825 1534 862 1592 ad
879 1535 1039 1596 secundam
1057 1537 1174 1606 transit,
1199 1536 1275 1595 nihil
1294 1536 1374 1596 oflen-

257 1636 352 1694 sionis
382 1635 484 1708 habet,
518 1656 573 1696 nec
606 1636 686 1714 quod
715 1635 827 1696 Ritsch.
857 1656 914 1698 vss.
947 1640 985 1695 38
1016 1642 1046 1695 et
1076 1639 1114 1696 39
1144 1638 1240 1696 locum
1269 1645 1374 1696 mutare

259 1738 360 1810 iussit,
396 1757 470 1816 opus
499 1737 627 1798 ridetur.
683 1737 765 1796 Idem
794 1745 874 1798 recte
911 1735 1040 1800 consitio
1073 1741 1195 1816 scripsit
1228 1746 1263 1801 ut
1293 1743 1373 1799 1153.

258 1869 301 1879 -
325 1843 374 1899 39.
411 1836 494 1916 Quid
521 1856 591 1899 esse
613 1837 693 1900 dieis
715 1836 866 1917 deperires?
910 1842 1038 1916 Vulgata
1059 1843 1222 1912 cantilena,
1246 1843 1374 1901 mulieres

257 1944 363 2018 quovis
384 1944 462 2002 malo
481 1963 543 2000 esse
562 1944 677 2017 dignas.
695 1973 730 1982 -
752 1946 791 2003 40
805 1965 848 2021 sq.
873 1945 997 2004 Bacchis
1009 1965 1097 2004 unam
1110 1951 1140 2002 at
1152 1945 1273 2020 quidem
1285 1947 1374 2004 iustis·

257 2048 361 2104 simam
384 2065 445 2104 rem
468 2065 499 2104 se
522 2053 625 2121 optare
640 2047 731 2118 dicit,
755 2053 790 2105 ιιι
813 2055 965 2119 caveatur,
995 2067 1031 2106 ne
1053 2047 1139 2106 miles
1161 2055 1231 2122 post
1256 2067 1374 2106 annuum

256 2155 383 2224 tempus,
408 2149 488 2224 quod
506 2149 563 2206 sibi
581 2150 706 2226 pepigit,
726 2155 862 2208 exactum
880 2149 1055 2208 Bacchidem
1074 2169 1134 2208 non
1154 2149 1283 2222 Samum,
1305 2150 1374 2208 unde

255 2250 389 2308 Athenas
413 2271 477 2308 eam
500 2251 674 2324 abduxerat,
703 2251 803 2310 revehi
825 2251 937 2324 iubeat,
962 2251 1014 2312 sed
1035 2271 1090 2328 pro
1113 2252 1221 2310 aneilla
1244 2255 1373 2310 retineat.

257 2351 341 2411 Hanc
363 2372 484 2429 operam
512 2359 547 2412 nt
568 2353 625 2412 sibi
647 2359 785 2430 prestet,
817 2353 1013 2414 Pistoclerum
1037 2362 1111 2414 orat.
1157 2355 1218 2413 Pro
1242 2361 1373 2431 corrupta

256 2454 390 2513 codicum
414 2458 561 2530 scriptura
590 2451 630 2518 Ut
655 2451 755 2516 intotis
775 2453 910 2516 militem
938 2457 1007 2515 olim
1036 2457 1226 2516 emendatum
1256 2465 1301 2516 est
1324 2457 1373 2528 „ab

255 2559 333 2616 istoc
349 2555 475 2630 milite“,
500 2577 554 2616 neo
577 2559 646 2618 dum
670 2559 832 2636 quidquam
856 2559 960 2617 melius
984 2565 1138 2618 inventum
1161 2559 1291 2630 videtur,
1313 2579 1373 2618 nam

254 2659 338 2736 quod
360 2659 461 2720 Herm.
484 2658 601 2718 Bitsch.
630 2661 676 2721 Fl.
700 2661 872 2720 ediderunt:
911 2661 976 2734 „Ad
1009 2665 1107 2720 istunc
1136 2660 1293 2734 militem“,
1326 2663 1372 2719 hac

253 2760 473 2838 significatione
502 2761 608 2822 Latine
642 2766 691 2822 vix
724 2765 843 2824 dicitur.
875 2793 911 2802 —
950 2777 985 2824 ee
1014 2784 1069 2822 em.
1093 2764 1231 2840 Pylades.
1260 2795 1303 2804 —
1329 2765 1372 2822 43.

254 2858 377 2924 dederit
399 2865 467 2922 olim
492 2865 692 2926 emendatum.
715 2895 758 2908 -—
780 2882 900 2942 operae,
924 2866 960 2926 cf.
983 2867 1064 2924 Asin.
1085 2868 1155 2926 714.
1182 2868 1256 2926 499.
1298 2867 1372 2942 Capi.

256 2968 329 3026 498.
353 2959 430 3026 Rud.
457 2969 527 3026 321.

342 3072 392 3129 45.
428 3063 493 3130 Sed
513 3065 570 3130 hoe
591 3076 646 3130 cet.
691 3071 800 3128 Verum
823 3071 899 3143 haec,
923 3072 1036 3147 inquit,
1061 3074 1142 3130 intus
1164 3073 1271 3132 melius
1295 3092 1372 3150 quam

254 3173 285 3230 in
297 3175 452 3250 proscenio
466 3179 601 3247 agentur.
625 3203 668 3214 -·
690 3175 739 3230 46.
763 3169 876 3232 sedens
892 3175 1016 3232 alteram
1036 3175 1168 3251 corripit,
1193 3175 1230 3233 ef.
1244 3175 1372 3248 Prolegg.

254 3297 284 3352 p.
309 3277 379 3336 906.
425 3275 540 3335 Ritsch.
563 3283 693 3353 transp.:
732 3285 839 3352 ,atque
866 3277 909 3334 ihi
938 3277 1059 3347 sedens,
1094 3277 1165 3334 dum
1192 3280 1218 3336 is
1247 3277 1372 3336 ueniet“.

254 3378 364 3437 Versus
393 3379 424 3436 in
458 3379 532 3437 dnos
566 3378 679 3437 iambos
713 3379 782 3436 exit.
806 3407 848 3418 -
885 3380 935 3436 47.
972 3372 1110 3452 Eadem,
1142 3401 1182 3438 sc.
1207 3400 1313 3456 opera,
1343 3383 1370 3434 ιιι

254 3479 340 3557 Cept.
354 3481 425 3552 449,
450 3483 469 3540 i.
483 3501 507 3537 e.
526 3481 623 3553 simul,
648 3481 685 3540 cf.
703 3481 780 3538 infra
800 3483 869 3540 590.
905 3479 990 3556 Capi.
1011 3483 1081 3540 999.
1094 3481 1167 3542 456.
1200 3481 1290 3558 Epid.
1309 3481 1370 3540 653.

255 3582 319 3641 Mil.
345 3585 415 3643 305.
471 3583 561 3643 Marc.
587 3585 658 3642 997.
714 3583 804 3642 Poen.
836 3585 907 3642 690.
963 3583 1046 3642 Pers.
1076 3585 1148 3642 446.
1205 3583 1283 3642 Rud.
1308 3583 1370 3642 399.

252 3683 345 3744 Stich.
373 3686 444 3744 439.
490 3685 558 3744 Ter.
583 3685 689 3745 Heaut.
716 3687 786 3744 368.
810 3715 852 3724 -
881 3687 931 3744 48.
968 3679 1083 3746 Uismts
1108 3683 1190 3758 (ἷξός)
1221 3707 1243 3746 s.
1267 3689 1370 3744 niseum

254 3789 381 3864 aucupis·
399 3795 445 3846 est
467 3790 578 3846 viscato
595 3787 741 3846 arundine
759 3809 826 3846 aves
844 3791 997 3866 capientis,
1021 3790 1057 3846 cf.
1071 3789 1150 3846 inira
1164 3791 1256 3848 1157.
1291 3788 1369 3862 ἵεις.

253 3890 361 3966 Georg.
386 3891 409 3963 I,
437 3892 506 3950 139.
545 3885 726 3950 Arundinis
748 3895 860 3950 mentio
883 3889 917 3948 fit
940 3891 1029 3968 Prop.
1053 3891 1106 3964 IV,
1132 3894 1165 3962 9,
1197 3893 1246 3950 33.
1291 3889 1369 3948 Mart

251 3993 331 4067 XIV,
361 3995 432 4054 918.
492 3994 669 4070 Aucupandi
704 3996 848 4052 rationem
882 3986 1025 4052 describit
1058 3993 1218 4053 Petronius
1252 4013 1277 4051 o.
1308 3994 1368 4051 109.

252 4096 445 4173 Comparatio
468 4099 499 4156 in
522 4097 577 4156 hac
599 4117 631 4154 re
653 4099 773 4168 usitata,
797 4117 825 4155 v.
848 4097 930 4156 Asin.
957 4099 1017 4155 914
1042 4116 1107 4172 sqq.
1121 4125 1163 4135 -
1184 4091 1265 4171 Quia
1289 4090 1367 4162 enini,

251 4218 279 4256 v.
303 4201 410 4276 Amph.
436 4202 506 4258 659.
529 4229 572 4240 -
601 4201 651 4258 49.
685 4199 759 4258 Post
781 4193 874 4258 Duae
896 4200 1010 4268 hiatus,
1038 4219 1065 4258 r.
1090 4199 1229 4274 Prolegg.
1252 4219 1283 4275 p.
1306 4197 1366 4254 994.

252 4301 297 4362 Fl.
311 4308 342 4361 et
358 4303 394 4362 R.
417 4299 498 4376 „rne“
526 4300 648 4372 addunt,
673 4301 792 4360 Miiller.
809 4299 889 4374 ,ut“,
914 4301 965 4360 sed
988 4320 1138 4377 nequem
1161 4302 1260 4360 soluta-
1283 4299 1367 4358 oratio

250 4404 394 4480 offendat,
417 4407 477 4464 vid.
497 4405 534 4462 nd
552 4405 659 4480 Amph.
673 4406 750 4476 4333
775 4415 865 4482 atque
889 4405 968 4482 apud
991 4405 1119 4463 Nonium
1143 4425 1173 4481 p.
1194 4407 1253 4463 919
1273 4417 1365 4461 versus
