2960 5012
266 511 336 572 XIV
752 504 892 561 Praelatio.

255 701 387 760 ententia
413 705 522 778 aperta
544 704 617 772 erat,
641 697 733 758 rerba
749 701 870 774 ineerta,
895 699 1045 760 interdurn
1067 701 1189 760 liberius
1209 704 1380 762 oonieotura

251 828 323 868 usus
340 827 419 880 enm;
442 807 495 866 sed
512 825 565 866 neo
584 809 646 866 sine
663 809 849 884 neoeesitate,
871 813 906 868 ut
927 810 1042 886 opinor,
1067 809 1232 888 quidquam
1255 813 1376 884 mutavi,

252 936 306 976 neo
328 917 380 989 ita,
403 919 521 974 utnon
544 915 732 991 aliquatenus
755 917 882 991 intelligi
903 921 1015 995 posset,
1041 937 1099 994 quo
1123 917 1211 978 modo
1235 925 1378 997 oorrnpta

252 1025 398 1084 librorum
420 1025 571 1102 scriptura
593 1029 660 1082 orta
682 1029 767 1085 earet.
813 1025 883 1084 Haeo
910 1027 989 1084 onim
1019 1027 1050 1084 in
1078 1031 1144 1084 arte
1171 1027 1274 1086 oritioa
1297 1047 1380 1086 exer·

253 1133 347 1192 oenda
369 1151 481 1191 summa
503 1132 551 1190 lex
574 1137 635 1205 est,
658 1137 693 1190 ut
714 1132 880 1210 probabilia
903 1139 1086 1193 monstretur
1109 1137 1220 1194 erroris
1242 1137 1300 1208 ria,
1328 1155 1381 1194 neo

253 1261 286 1299 ea
307 1241 399 1300 verba
421 1246 614 1318 reponantur,
639 1260 705 1316 quae
724 1259 776 1298 our
795 1246 848 1299 aut
865 1261 923 1318 quo
947 1241 1037 1301 modo
1057 1245 1206 1321 eorrumpi
1225 1245 1381 1321 potuerint

253 1369 313 1408 non
347 1348 542 1423 intelligatur.
605 1347 668 1406 Hoc
703 1349 790 1407 nimie
824 1368 902 1426 saepe
935 1349 1152 1408 obliviscuntur
1184 1354 1382 1412 recentissimi

253 1458 354 1515 Plauti
377 1456 590 1544 emendatores,
615 1458 667 1534 qni
690 1477 751 1516 non
774 1476 842 1516 raro
866 1476 1056 1516 numerorum
1077 1477 1173 1532 cauea,
1197 1461 1324 1518 maxime
1346 1466 1381 1518 ut

255 1564 354 1624 hiatus
377 1566 505 1637 vitetur,
535 1565 684 1624 voeabula·
701 1564 832 1624 eiusdem
855 1570 907 1624 aut
929 1565 1036 1624 similis
1058 1566 1283 1644 significationis
1314 1588 1380 1646 per·

257 1673 399 1732 mutanda
421 1677 551 1746 censent,
576 1693 635 1750 qua
656 1693 689 1732 re
712 1675 802 1732 etium
826 1677 851 1734 si
874 1675 973 1732 sensui
997 1679 1026 1732 et
1049 1677 1178 1734 orationi
1194 1696 1253 1734 non
1272 1697 1380 1736 nocea-

189 1771 192 1776 ’
256 1787 320 1855 tur,
354 1787 454 1840 tamen
485 1783 589 1840 oritioa
622 1786 717 1841 omnis
750 1782 947 1860 probabilitas
980 1781 1071 1842 abest.
1136 1782 1267 1844 Librarii
1300 1787 1379 1844 enim

256 1909 346 1967 quum
364 1890 510 1967 plerique,
533 1895 596 1950 tum
615 1891 651 1962 ii,
676 1909 800 1966 qnorum
816 1889 901 1950 libris
918 1893 949 1949 in
962 1891 1108 1950 Plautinis
1125 1892 1236 1951 fabulis
1254 1895 1379 1954 edendis

255 1999 376 2070 utimur,
400 2016 459 2056 non
483 1998 617 2056 consulto
640 2004 800 2074 peooarunt
821 1999 875 2056 sed
898 2018 969 2058 casu
992 2005 1023 2057 et
1044 2000 1161 2076 legendi
1190 2021 1299 2060 errore.
1344 2003 1379 2062 In

255 2125 352 2184 prosae
370 2107 514 2164 orationis
535 2105 742 2183 scriptoribus,
766 2125 891 2182 quorum
915 2109 1080 2166 orationem
1100 2110 1151 2184 qui
1169 2108 1379 2169 describebant

257 2215 342 2274 facile
359 2213 571 2288 intelligerent,
591 2214 774 2291 comparatio
793 2215 926 2274 mdiorum
945 2215 1094 2274 interdum
1114 2218 1234 2276 voculas
1247 2219 1378 2278 eiusdem

256 2321 481 2396 significationis
498 2326 684 2397 permutatas
702 2341 765 2380 esee
782 2321 921 2394 ostendit,
945 2323 1028 2382 velut
1048 2319 1184 2398 „autem“
1206 2327 1237 2379 et
1257 2319 1398 2404 „vero“,¹

258 2427 389 2504 „igitur“
416 2434 446 2487 et
471 2425 621 2506 „itaque“,
649 2427 769 2505 „paene“
795 2433 825 2486 et
849 2426 1000 2506 „prope“;
1022 2431 1054 2489 in
1075 2436 1172 2509 poeta,
1195 2431 1248 2506 qui
1270 2428 1377 2488 diffiei-

257 2538 314 2596 lius
332 2535 554 2613 intelligebatur
573 2541 603 2594 et
620 2537 703 2594 ouius
722 2555 825 2596 versus
836 2537 962 2610 librarii,
982 2540 1173 2600 etiamsinon
1190 2539 1262 2598 satis
1282 2539 1377 2616 peroi-

256 2649 378 2722 perent,
408 2649 507 2702 tamen
530 2649 719 2704 conservatos
741 2645 898 2718 volebant,
933 2647 986 2710 tuli
1015 2647 1136 2706 licentia
1163 2667 1213 2708 eos
1241 2652 1378 2706 versatos

257 2772 319 2811 ease
336 2754 399 2810 veri
417 2752 512 2810 simile
530 2773 590 2811 non
608 2757 663 2823 eet,
687 2773 741 2810 neo
763 2753 842 2830 apud
859 2753 998 2812 Plautum
1020 2759 1052 2814 in
1074 2757 1140 2815 aliis
1162 2757 1251 2814 rebus
1271 2755 1377 2813 similia

256 2861 446 2935 negligentia
469 2859 579 2918 indicia
601 2863 799 2938 reperiuntur.
845 2861 913 2919 Noli
940 2864 1035 2937 igitur
1063 2863 1199 2936 eradere,
1235 2866 1266 2922 in
1297 2865 1375 2921 anti·

259 2968 411 3044 quioribns
435 2967 534 3026 Plauti
563 2968 714 3026 'codicibus
742 2988 882 3045 umquem
905 2975 957 3028 aut
983 2967 1098 3043 „hand“
1123 2991 1178 3048 pro
1203 2966 1299 3046 „non“
1324 2976 1377 3029 aut

259 3072 355 3148 „non“
380 3095 436 3154 pro
461 3072 578 3152 „haud“
604 3079 745 3152 scriptum
768 3097 845 3150 esse,
881 3077 961 3154 quod
990 3085 1059 3138 sunt
1086 3081 1136 3156 qui
1165 3099 1243 3158 sepe
1264 3079 1374 3138 factum

255 3205 317 3243 esee
338 3189 455 3263 putent,
479 3189 532 3243 aut
557 3182 698 3262 „edepol“
724 3205 780 3263 pro
807 3183 942 3260 ,‚lrerole“
969 3185 1047 3253 (Aul.
1073 3183 1146 3258 254)
1168 3194 1220 3246 aut
1246 3185 1372 3265 „atque“

193 3324 197 3331 ·
255 3312 309 3370 pro
334 3290 459 3371 „quam“
486 3288 567 3368 (Aul.
592 3291 666 3366 269)
695 3299 747 3352 aut
777 3295 832 3369 „ab
856 3292 968 3352 sodali“
999 3313 1054 3371 pro
1080 3293 1224 3370 „sodalis“
1251 3291 1371 3371 (Bacch.

259 3397 330 3472 185)
362 3406 413 3458 ant
443 3397 582 3476 „dioant“
612 3420 668 3478 pro
699 3400 817 3476 „aiant“
850 3399 948 3480 (Gapt.
973 3400 1047 3477 688)
1079 3409 1130 3460 ant
1161 3399 1289 3476 „aetati“
1320 3422 1374 3481 pro

256 3546 482 3557 affl

321 3619 426 3674 oodioie
443 3621 466 3674 B
486 3621 660 3691 „sedibilea“,
685 3623 910 3678 emendationem
928 3629 1088 3679 ceterorum
1111 3621 1248 3694 „aedilee“
1271 3623 1372 3694 respui.

322 3704 394 3773 Quid
411 3706 467 3760 iam
490 3707 604 3762 critici?
640 3707 805 3764 Ostendiaae
829 3727 876 3764 eos
900 3710 1010 3780 eredes,
1039 3729 1094 3780 quo
1118 3711 1201 3765 modo
1225 3711 1271 3766 hio
1294 3711 1373 3764 loeus

320 3791 439 3860 intelligi
461 3797 557 3860 posset
579 3799 627 3847 aut
650 3811 779 3862 quaenam
803 3795 848 3850 hio
870 3795 992 3849 mdilinm
1016 3801 1111 3866 partes
1139 3801 1239 3850 essent.
1285 3796 1373 3850 Immo

323 3876 487 3946 simpliciter
505 3877 646 3933 affirmant
664 3881 832 3948 scripturam
852 3879 986 3949 „aedilee“
1005 3900 1100 3936 veram
1118 3898 1190 3948 esse,
1208 3899 1252 3936 me
1272 3887 1372 3942 autem,

321 3961 397 4031 quod
420 3963 450 4016 in
472 3965 673 4018 commentario
700 3966 781 4019 uliam
804 3967 971 4020 emendandi
993 3967 1065 4022 viam
1083 3965 1295 4036 ingrediendam
1314 3981 1373 4021 esse

321 4048 379 4102 dixi
398 4053 426 4102 et
444 4051 564 4118 exempli
582 4067 665 4105 eausa
684 4053 874 4106 coniecturam
894 4051 1006 4107 dubiam
1023 4053 1170 4122 proposui,
1194 4051 1374 4106 vehementer

320 4135 472 4203 exagitant,
491 4135 568 4204 quasi
582 4137 612 4190 in
626 4141 788 4191 contextum
803 4137 952 4192 intulerim.
980 4137 1080 4204 Immo,
1100 4141 1131 4190 nt
1145 4127 1265 4194 lleidelii
1280 4137 1373 4192 verbis

321 4227 391 4287 utar,
412 4221 582 4274 oonieoturm
602 4226 667 4275 sunt
685 4221 729 4276 hae
746 4239 839 4290 meree,
859 4223 958 4290 quibua
976 4223 1085 4292 ignoeoi
1103 4227 1203 4293 potest,
1227 4223 1249 4275 si
1268 4227 1372 4290 errant,

320 4303 433 4372 quando
452 4321 542 4374 neque
559 4323 610 4375 pro
630 4308 750 4362 oraculis
768 4308 948 4363 venditentur
971 4313 999 4362 et
1017 4309 1126 4363 auctori
1149 4312 1247 4363 nostro
1266 4309 1372 4362 nullam

319 4389 457 4444 inducunt
474 4393 650 4446 temerariam
668 4393 859 4448 mutationem.
