2960 5012
74 489 112 554 111,
121 493 143 558 2,
157 492 271 558 rs-s,5
539 493 694 550 Aulularia

544 683 690 750 Euclio

70 788 140 854 Uolo
161 789 243 855 scire
268 810 328 874 ego
350 791 439 870 item,
462 811 578 856 msaen
600 792 688 858 domi
710 814 783 860 mea
805 794 899 860 selua
920 793 1039 863 futura.

533 899 707 983 Congrio

71 1002 185 1070 [tinam
207 1025 281 1068 mea
304 1005 383 1070 mihi
405 1005 503 1072 modo
526 1007 681 1088 auferam,
705 1029 789 1092 quae
812 1009 926 1091 adtuli,
950 1011 1056 1078 salue!
1123 1031 1177 1084 aas

71 1111 115 1177 Me
136 1112 222 1177 haud
244 1115 400 1197 paenitet,
423 1120 482 1179 tua
504 1136 545 1180 ne
568 1123 729 1199 expetam.

543 1223 684 1290 Euclio

770 1309 860 1392 Soi03
874 1331 923 1390 ¹ne
947 1310 1042 1394 doce;
1065 1315 1155 1381 noui.

530 1414 704 1500 Congrio

70 1518 143 1596 Quid
164 1527 221 1602 est,
244 1543 311 1606 qua
332 1523 508 1607 prohibeas
531 1527 720 1607 gratianos
744 1546 882 1610 coquere
905 1527 958 1592 hic
981 1530 1119 1594 cenam?

62 1627 143 1728 'Quid
162 1629 306 1712 fecimus,
329 1631 408 1714 quid
431 1631 572 1698 diximus
594 1634 655 1698 tibi
678 1635 809 1718 sequius
833 1657 930 1720 quem
952 1635 1078 1702 uelles?

544 1742 688 1808 Euclio

69 1846 164 1911 Etiam
186 1847 333 1930 rogitas?
356 1848 492 1914 scelests
515 1848 621 1930 hom0,
644 1851 699 1932 qui
722 1851 858 1933 angulos
882 1851 985 1918 omnis

71 1953 203 2020 Moerum
227 1955 356 2020 aedium
380 1961 412 2020 et
435 1956 640 2023 conclauium
663 1959 741 2022 mihi
764 1960 914 2042 peruium
935 1959 955 2040 †
978 1958 1097 2026 facitis.
1122 1979 1177 2031 430

70 2062 111 2127 Ibi
131 2063 184 2128 ubi
205 2063 268 2129 tibi
291 2070 362 2128 erat
384 2065 560 2147 negotium,
585 2065 627 2129 ad
649 2069 757 2131 iocum
780 2069 808 2132 si
831 2067 973 2147 adesses,

69 2169 132 2235 Nou
151 2171 252 2237 fissile
275 2171 413 2238 haberes
438 2180 546 2256 ceput.
591 2173 709 2238 Merito
731 2173 765 2238 id
787 2174 849 2240 tibi
870 2175 1034 2240 factumst.

69 2279 148 2346 Adeo
169 2287 206 2345 ut
227 2287 266 2345 tu
288 2301 395 2345 meam
419 2282 615 2346 sententiam
637 2282 702 2346 iam
724 2303 861 2348 noscere
883 2284 998 2368 possis,

72 2385 99 2450 Si
119 2389 157 2452 sd
179 2390 311 2453 ianuam
333 2387 397 2453 huc
419 2388 610 2469 adcesseris‚
634 2391 698 2455 nisi
720 2389 859 2470 iussero,
882 2392 1027 2478 propius,

70 2495 127 2577 Ego
149 2496 332 2577 sedeciam,
356 2487 566 2562 miseriumus
589 2499 738 2564 mortalis
761 2499 810 2564 uti
834 2499 889 2564 sis.
1125 2517 1179 2572 485

71 2601 131 2668 Scis
152 2607 216 2670 iam
238 2625 345 2670 meam
368 2605 573 2670 sententiam.

529 2712 703 2796 Congrio

619 2822 689 2900 Quo
713 2817 807 2888 abis?
841 2824 924 2888 Redi
946 2845 1084 2890 rursum.

71 2927 113 2991 lta
133 2951 180 2994 me
202 2931 286 2995 bene
310 2936 397 2994 amet
418 2929 576 3008 Lauerna,
599 2937 632 2996 te
655 2932 729 3012 iam,
752 2931 814 2996 nisi
837 2931 930 2996 reddi

71 3036 138 3101 Mihi
161 3059 242 3104 uasa
263 3037 369 3118 iubes,
392 3038 506 3124 pipulo
529 3037 583 3102 hio
606 3038 754 3104 differam
778 3043 854 3104 ante
878 3037 977 3104 aedis.
999 3074 1043 3086 -

69 3143 144 3221 Quid
161 3167 218 3230 ego
235 3167 323 3212 nuno
340 3146 457 3228 agam?
479 3145 529 3211 Ne
547 3167 606 3229 ego
620 3146 735 3232 edepol
749 3149 825 3212 ueni
836 3147 901 3212 huo
913 3147 1061 3232 auspicio
1073 3147 1177 3228 malo;

68 3251 195 3322 Nummo
208 3277 282 3320 sum
295 3255 493 3338 conductus3
516 3256 589 3338 plus
602 3257 668 3320 iam
680 3255 806 3320 medico
818 3253 993 3320 mercedist
1005 3277 1096 3338 opus.
1125 3273 1179 3326 440

247 3445 404 3515 EUCLIO
429 3447 579 3513 SENEX.
626 3446 814 3514 CONGRIO
839 3445 982 3515 COCUS.

545 3579 687 3646 Euclio

68 3683 129 3750 Hoc
149 3689 279 3771 quidem
301 3686 418 3768 hercle,
443 3708 574 3771 quoquo
592 3687 657 3766 ibo,
681 3709 808 3753 mecum
826 3689 896 3768 erit,
919 3709 1046 3752 mecum
1062 3688 1178 3768 feram,

68 3790 168 3876 Neque
188 3797 245 3861 isti
267 3795 302 3859 id
324 3797 358 3859 in
380 3796 482 3860 tantis
504 3796 635 3880 periclis
657 3816 811 3881 nmquam
833 3797 1023 3862 committam
1045 3802 1083 3862 ut
1105 3797 1178 3862 sies

68 3897 110 3966 Ite
131 3925 206 3970 sane
228 3923 316 3968 nunc
338 3903 404 3968 iam
427 3905 514 3968 intro
538 3925 648 3969 omnes
671 3911 704 3970 et
727 3905 821 3988 coqui
845 3911 878 3970 et
900 3905 1067 3986 tibicinae,

70 4004 181 4086 [Etiam
201 4011 385 4090 introduce,
410 4011 438 4076 si
460 4011 520 4092 uis,
543 4012 597 4077 uel
620 4033 749 4096 gregem
771 4011 961 4096 uenalium]

127 4203 175 4254 424
191 4219 270 4256 meae
357 4205 407 4258 426
427 4207 574 4274 expectem
672 4189 724 4258 427
742 4205 808 4274 qnia
825 4205 974 4276 prohibeas
992 4221 1067 4258 nnnc
1086 4203 1178 4274 grstia

69 4283 110 4336 431
127 4285 161 4340 Id
177 4288 225 4341 ubi
294 4290 345 4342 436
365 4289 532 4344 sententiam
551 4305 605 4358 quo
685 4290 815 4344 cerredi
893 4293 943 4344 438
960 4289 1065 4359 populo
1126 4289 1179 4342 440

70 4373 185 4427 mercede
202 4391 270 4443 opus
289 4379 333 4429 est
418 4379 470 4431 442
487 4376 565 4430 istud
581 4375 611 4430 in
697 4379 747 4430 443
765 4376 810 4430 Ita
