2922 5006
242 498 305 560 224
760 493 851 548 Plauti
1180 493 1205 562 1,
1215 497 1238 562 2,
1247 496 1349 560 oe-a4

242 685 379 765 Quando
403 705 462 768 ego
485 691 518 750 te
540 683 637 750 uideo
661 684 832 748 inmutatis
855 683 999 750 moribus
1019 705 1100 766 esse,
1121 705 1185 765 ere,
1204 691 1294 770 atque
1311 685 1349 748 in·

962 814 1067 878 genio.

667 922 942 990 Phaedromus

326 1032 465 1114 Pessuli,
487 1032 569 1098 heus
592 1031 726 1117 pessuli,
750 1053 809 1096 uos
832 1032 940 1097 saluto
963 1031 1089 1114 lubens,

326 1141 394 1208 Uos
417 1163 501 1221 amo,
522 1161 582 1206 uos
604 1140 690 1220 uolo,
712 1161 773 1205 uos
796 1147 872 1224 peto
895 1147 995 1225 atque
1020 1140 1175 1208 obsecro:

328 1251 440 1317 Gerito
463 1248 588 1314 amenti
609 1247 688 1312 mihi
710 1269 835 1313 morem
857 1250 1097 1331 amoenissumi,

326 1359 399 1424 Fite
423 1377 525 1423 causa
548 1377 622 1422 mea
643 1355 725 1420 ludii
749 1355 892 1437 barbari,

328 1465 494 1545 Sussilita,
518 1463 664 1544 obsecro,
689 1471 722 1530 et
744 1466 863 1530 mittite
886 1466 993 1532 istanc
1015 1465 1114 1547 forae,

328 1575 419 1655 Quae
441 1572 520 1638 mihi
542 1573 660 1638 misero
684 1574 808 1638 amanti
831 1573 934 1639 ebibit
957 1575 1157 1658 sauguinem.

327 1683 398 1748 Hoc
421 1682 507 1762 uida,
530 1687 568 1746 ut
591 1682 758 1747 dormiunt
780 1683 903 1766 pessuli
925 1684 1067 1767 pessumi

327 1791 395 1856 Neo
417 1811 491 1856 mea
513 1791 619 1874 gratia
643 1799 840 1856 conmouent
863 1813 897 1858 se
921 1791 1021 1858 ocius.

242 1899 409 1984 Perspioio
431 1898 527 1964 nihili
549 1919 655 1964 meam
677 1919 736 1964 uos
759 1900 900 1982 gratiam
923 1897 1042 1965 facere.
1313 1913 1352 1966 155
1439 1956 1440 1969 ,

244 2008 290 2091 st,
312 2015 397 2084 tace,
421 2013 506 2073 tace.
1436 1992 1440 2003 '

693 2133 916 2199 Palinurus

553 2241 659 2308 Taceo
682 2241 791 2306 hercle
815 2241 976 2326 equidem.

667 2367 947 2436 Phaedromus

1038 2473 1150 2540 Sentio
1174 2475 1316 2540 sonitum.

244 2583 389 2650 Tandem
412 2583 528 2668 edepol
552 2583 632 2648 mihi
654 2584 808 2666 morigeri
830 2583 955 2668 pessuli
977 2582 1068 2648 fiunt.

373 2973 496 3043 Anus.
541 2975 687 3043 urnac.
733 2959 1045 3044 inconsonus(
1069 2975 1243 3043 sunuos.

657 3177 660 3184 ·
731 3154 888 3220 Leaena

244 3263 378 3330 Placide
407 3263 562 3346 egredere
593 3270 626 3328 et
655 3263 799 3328 sonitum
830 3261 966 3346 prohibe
994 3261 1113 3327 forium
1143 3267 1177 3327 et
1210 3257 1355 3343 crepiturn

965 3370 1144 3449 cardinum,

244 3478 304 3558 Ne,
328 3477 416 3562 quod
439 3476 493 3542 hic
515 3478 649 3560 agimus,
675 3499 750 3543 erus
774 3478 935 3562 percipiat
957 3475 1037 3558 fieri,
1059 3499 1133 3542 mea
1155 3475 1341 3544 Planesium.

245 3586 352 3662 Mane,
376 3583 561 3651 suffundam
586 3585 748 3670 equolam.

696 3715 919 3782 Palinurus

512 3823 629 3906 Uiden,
653 3831 691 3890 ut
714 3847 795 3891 anus
818 3825 961 3891 tremula
983 3825 1177 3890 medicinam
1200 3820 1297 3888 facit?
1315 3831 1355 3884 160

246 3933 355 4018 Eapse
378 3954 503 3998 merum
527 3933 706 4000 condidicit
727 3933 856 4015 bibere3
885 3933 1011 3999 loribus
1042 3933 1100 3998 dat
1122 3953 1250 4016 aquam,
1273 3943 1355 4011 quarn

964 4042 1088 4108 bibant.

318 4299 366 4352 150
382 4296 494 4352 mealidi
547 4297 597 4350 155
615 4295 747 4365 Respicio
802 4298 851 4352 156
870 4297 924 4352 Sed
979 4299 1028 4351 157
1047 4297 1163 4352 morieri
1216 4295 1262 4350 158
1277 4289 1355 4345 forum

299 4382 426 4437 caudium
481 4383 530 4436 160
548 4383 679 4451 equolam
697 4382 752 4436 PA.
772 4382 857 4438 Uidin
