2922 5006
228 499 289 560 250
744 496 835 550 mauu
1175 495 1220 564 11,
1230 499 1252 564 a,
1261 499 1337 552 r-re

227 686 321 750 Nunc
337 687 400 750 nisi
418 693 455 750 tu
472 684 551 748 mihi
571 705 710 769 propere
729 707 889 768 properas
908 687 986 752 dare
1004 688 1067 751 iam
1085 687 1222 768 triginta
1233 689 1334 766 minas,

227 795 315 873 Quas
339 815 399 877 ego
423 793 510 877 apud
533 799 566 857 te
591 793 750 877 deposed,
773 796 876 859 uitam
899 817 1040 880 propera
1061 815 1193 878 ponere.
1291 811 1333 864 535

741 949 766 1013 L
801 971 843 1014 oo

225 1058 299 1123 Non
323 1057 439 1141 edepol
463 1075 550 1120 nuno
573 1077 631 1139 ego
655 1063 687 1121 te
711 973 865 1121 mediocri
888 1064 996 1121 maoto
1019 1057 1206 1138 infortunio,

227 1165 291 1232 Sed
314 1187 411 1249 eopse
434 1165 500 1242 illo,
525 1186 589 1249 quo
612 1171 756 1230 mactare
780 1165 878 1244 soleo,
903 1167 978 1249 quoi
1000 1165 1082 1230 nihil
1105 1165 1215 1232 debeo.

594 1319 979 1404 Therapontigonus

226 1429 274 1494 Ne
297 1436 329 1493 te
352 1427 432 1492 mihi
454 1427 557 1493 facias
580 1427 722 1493 ferocem
745 1435 802 1492 ant
826 1428 1010 1512 supplicare
1033 1449 1176 1493 censeas.

737 1580 762 1644 L
781 1603 839 1647 ·co

225 1689 294 1754 Neo
306 1697 339 1754 tu
353 1710 402 1753 me
416 1689 548 1773 quidem
560 1711 714 1773 umquam
727 1605 867 1772 subiges,
885 1690 1051 1756 redditum
1069 1699 1105 1755 ut
1122 1691 1255 1756 reddam
1271 1689 1332 1764 tibi,
1437 1670 1445 1839 11

226 1797 294 1862 Nec
317 1797 456 1862 daturus
480 1818 561 1862 sum.
1438 1844 1445 1931 Ι

594 1950 979 2035 Therapontigonus

499 2059 587 2124 Idem
611 2079 670 2140 ego
693 2059 790 2130 istuo,
815 2081 912 2141 quom
937 2059 1122 2140 credebam,
1146 2059 1273 2138 credidi,
1289 2074 1331 2126 540
1437 2048 1443 2099 ³

226 2169 271 2232 Te
294 2167 375 2232 nibil
400 2189 470 2232 esse
493 2167 708 2232 redditurum.

740 2313 763 2377 L
800 2335 842 2378 co

757 2336 823 2487 (dur
845 2443 931 2487 nune
953 2443 973 2487 a
996 2443 1047 2487 me
1070 2423 1171 2506 igitur
1193 2420 1290 2506 petis?
1433 2450 1439 2599 p

593 2575 977 2660 Therapontigonus
1437 2611 1438 2615 =

225 2685 314 2751 Scire
338 2685 425 2764 uolo,
449 2686 525 2766 quoi
548 2685 730 2749 reddidisti.

221 3052 253 3117 Is
278 3049 489 3116 Summanum
513 3071 547 3114 se
570 3049 683 3114 uocari
707 3048 803 3127 dixit3
828 3049 857 3112 ei
881 3048 1017 3114 reddidi.

222 3159 301 3244 [Qui
322 3159 383 3225 has
407 3157 549 3224 sabellus
574 3156 764 3238 obsignatas
787 3156 916 3221 adtulit.

590 3325 976 3410 Therapontigonus

906 3433 994 3511 Quas
1017 3441 1054 3499 tu
1076 3433 1157 3500 mibi
1179 3427 1308 3500 tabellas,
1429 3444 1436 3481 ε

220 3545 308 3622 Quos
331 3551 367 3608 tu
390 3543 470 3608 mihi
492 3543 600 3607 lusoos
623 3541 770 3623 libertos,
794 3563 874 3625 quos
895 3541 1088 3608 Summanos
1110 3537 1265 3608 somnias?
1279 3545 1318 3602 545
1431 3564 1438 3595 1

733 2832 837 2915 Lyco
1427 2822 1438 3141 p

776 2940 882 3006 Lusco
904 2940 1023 3006 liberto
1047 2947 1120 3020 tu03

1309 3421 1319 3504 1
1427 3224 1436 3519 i

218 3759 288 3824 Nee
311 3759 389 3823 mihi
413 3759 544 3842 quidem
567 3759 707 3824 libertus
731 3758 817 3824 ullus
841 3767 902 3826 est.

730 3913 834 3996 Lyco
1428 3844 1437 3993 1

940 4021 1035 4085 Facis
1059 4017 1234 4104 sapientius
1431 4010 1435 4031 '

218 4129 323 4207 Quam
347 4151 425 4214 pars
447 4127 627 4207 latronum,
652 4129 788 4194 libertos
812 4129 867 4212 qui
891 4129 1015 4193 hubent
1038 4137 1072 4193 et
1095 4147 1152 4192 eos
1175 4117 1311 4189 deserunt·

285 4362 335 4414 535
354 4360 473 4430 deposui
544 4363 594 4414 537
612 4376 699 4430 eopse
770 4358 917 4426 541Quur
987 4361 1037 4413 547
1055 4359 1186 4414 lenonum
