2916 5006
263 493 326 553 414
744 487 907 542 Bacchides.

262 687 373 754 metro,
403 683 440 742 cf.
464 682 531 741 Ter.
554 681 630 740 Eun.
658 685 726 741 197.
751 711 792 722 -
826 677 1042 756 „arbitrarium
1077 682 1248 742 adiudicare
1270 689 1299 743 et
1319 691 1377 742 tan-
1441 677 1442 732 1

264 808 351 865 quem
383 787 496 845 arbiter
523 783 688 858 tribuere“,
724 785 825 844 Lamb.
862 787 898 846 cf.
927 785 1016 863 Epid.
1047 787 1121 844 684:
1173 786 1269 858 ,15050
1297 806 1378 864 opere

263 887 492 948 arbitramino“.
515 919 558 929 -
583 891 652 948 569.
685 884 736 948 ted
757 888 860 960 codd.;
895 893 977 946 errat
998 888 1117 946 Miiller.
1140 887 1186 947 Pl.
1211 888 1258 948 Pr.
1282 909 1310 966 p.
1332 891 1376 948 30.

351 995 420 1052 571.
445 991 575 1050 Advenit
592 991 696 1050 militie
719 991 875 1067 parasitus,
899 996 933 1049 ut
955 993 1078 1050 amicam
1097 995 1161 1050 eius
1179 998 1309 1050 arcessat
1323 999 1377 1064 aut,

262 1097 287 1152 51
310 1097 354 1152 155
377 1093 469 1166 nolit,
492 1095 648 1170 pecuniam
671 1093 729 1151 eibi
752 1093 853 1152 datam
876 1093 991 1152 reddat.
1026 1094 1111 1152 Viam
1134 1099 1282 1154 monstrat
1302 1114 1378 1170 puer,

263 1197 314 1274 qui
342 1201 433 1255 antea
455 1195 633 1255 Bacchidem
664 1196 701 1253 56
729 1198 841 1256 sororis
871 1195 949 1254 ades
978 1200 1136 1256 comitatus
1166 1202 1241 1255 erat.
1296 1197 1378 1254 Nova

262 1318 357 1358 scenae
385 1301 417 1356 in
447 1298 510 1358 cod.
534 1298 558 1356 B
585 1316 645 1356 non
678 1299 772 1357 solum
795 1300 918 1374 parasiti
941 1317 1070 1376 persona
1092 1303 1299 1376 anteponitur,
1330 1300 1378 1356 sed

263 1403 352 1460 etiem
374 1403 460 1476 pueri
484 1407 514 1460 et
535 1401 751 1474 adulescentis,
785 1419 939 1477 pueroque
966 1407 1093 1478 uterque
1121 1403 1216 1498 podex
1243 1423 1300 1461 vas.
1324 1406 1377 1460 576

262 1506 344 1562 -81
369 1503 491 1576 tribuit,
516 1504 597 1580 quod
619 1505 759 1580 quoniam
781 1523 886 1580 perum
909 1504 1079 1580 probamus,
1103 1505 1231 1562 indicem
1253 1525 1378 1582 persone

263 1611 352 1665 mutae
375 1607 543 1678 omisimue;
567 1605 749 1664 Pistoclerus
771 1613 869 1664 autem
891 1627 918 1665 v.
945 1609 1002 1665 581
1028 1606 1146 1665 demum
1169 1609 1241 1666 exit.
1256 1637 1298 1647 -
1315 1611 1376 1666 571.

261 1711 340 1768 Ante
361 1703 498 1768 hominis
519 1708 618 1766 hiatus
640 1709 670 1765 in
694 1727 820 1780 caesurn,
844 1708 944 1768 Herm.
965 1709 1016 1768 R.:
1043 1709 1189 1781 ,hominis
1212 1727 1268 1784 ego
1291 1712 1376 1780 sum‘,

262 1811 365 1870 Muli:
403 1811 486 1888 „Ego
508 1831 573 1870 eum
596 1808 776 1886 parasitus“.
807 1841 848 1851 —
880 1814 939 1870 574
962 1832 1006 1888 sq.
1041 1811 1085 1869 De
1107 1813 1258 1889 scriptura
1279 1807 1376 1884 semul,

262 1934 350 1990 quern
362 1914 386 1970 B
399 1913 464 1972 etC
480 1914 529 1972 hic
546 1913 689 1990 prebent,
713 1931 741 1970 v.
754 1913 791 1970 ad
809 1913 1017 1974 601617.-
1037 1917 1108 1972 575.
1132 1909 1261 1986 dudum,
1284 1934 1376 1992 nuper,

261 2035 289 2074 v.
314 2017 352 2074 ad
373 2017 482 2094 Amph.
508 2017 579 2074 654.
610 2045 646 2055 -
677 2031 778 2091 petere
807 2021 839 2074 55
866 2011 1065 2087 tetralicen,
1101 2016 1137 2074 de
1165 2017 1219 2074 illa
1242 2018 1333 2076 forma
1352 2037 1375 2074 v.

261 2118 298 2176 ad
315 2119 399 2178 Asin.
414 2118 485 2178 379.
504 2147 545 2158 -
570 2119 639 2176 576.
670 2117 765 2188 Quum
789 2119 898 2194 plures,
922 2121 1028 2196 inquit,
1052 2119 1130 2176 55655
1153 2118 1202 2177 hic
1224 2126 1301 2192 sunt,
1324 2139 1375 2190 eas,

261 2239 327 2298 que
347 2219 504 2280 Bacchidis
522 2226 601 2292 sunt,
624 2226 667 2292 tu,
692 2223 744 2297 qui
766 2222 855 2294 noeti,
878 2221 973 2297 pulsu.
1007 2221 1281 2280 Demonstrativum
1299 2223 1375 2280 omis·

261 2343 327 2382 sum
346 2329 399 2396 eet,
419 2331 454 2382 ut
463 2325 545 2383 Asin.
562 2325 631 2382 523.
644 2353 686 2362 -
711 2326 779 2382 577.
803 2323 939 2382 Pnleavit
955 2343 1038 2401 puer,
1063 2324 1116 2382 sed
1132 2344 1239 2402 parum
1258 2323 1375 2394 fortiter,

261 2431 295 2484 ut
316 2429 451 2502 parasito
474 2426 608 2498 videtur,
644 2427 695 2503 qui
724 2445 790 2483 eum
819 2425 1009 2484 vehementer
1036 2430 1173 2503 increpat
1194 2432 1226 2485 et
1248 2425 1376 2485 recedere

260 2527 353 2586 iubet.
388 2524 526 2601 diereete,
549 2547 607 2585 vox
623 2527 771 2600 Plautina,
796 2547 868 2586 crux
885 2528 1117 2605 philologorum.
1151 2527 1270 2588 Nonius
1286 2548 1315 2604 p.
1327 2529 1374 2585 49:

263 2629 403 2704 ,dierecti
432 2629 503 2688 dicti
526 2627 658 2688 crucifixi
681 2631 765 2708 quasi
788 2629 825 2688 56
850 2630 928 2689 diem
951 2627 1073 2704 erecti“,
1104 2631 1183 2710 qnod
1205 2631 1375 2689 refutatione

259 2751 319 2790 non
341 2737 418 2806 eget.
470 2731 528 2790 Sed
550 2751 656 2790 vereor
677 2737 711 2791 ut
732 2735 844 2791 rectior
867 2737 906 2791 515
928 2734 1126 2792 recentiorum
1149 2737 1232 2793 ratio
1257 2755 1275 2792 5
1300 2733 1371 2806 ,die'

259 2839 289 2893 55
321 2831 441 2909 „erigo“
473 2835 685 2908 derivantium,
722 2837 806 2911 quasi
844 2835 1001 2912 ,dispessis
1031 2835 1167 2894 manibus
1202 2838 1234 2895 in
1268 2853 1372 2895 crucem

258 2933 412 2996 sublatue“
440 2934 518 3011 (Mil.
532 2939 592 2996 362
605 2929 641 2995 'et
655 2933 759 3011 1398).
805 2937 965 2997 Salmasius
991 2936 1136 3010 „fruetrn“
1162 2940 1263 3015 inquit
1287 2956 1373 3016 „que

257 3042 335 3099 ritur
360 3041 393 3098 in
415 3039 523 3099 Latino
547 3040 607 3098 5010
630 3040 718 3098 huius
741 3042 822 3098 vocis
846 3042 930 3116 origo
949 3047 979 3098 et
996 3041 1184 3118 significatio,
1210 3061 1278 3119 quea
1294 3041 1372 3120 plane

258 3142 362 3202 Graeca
386 3139 467 3214 est“;
490 3163 558 3201 nem
582 3141 728 3200 dierectus
747 3145 774 3200 ei
792 3143 913 3201 videtur
929 3145 1094 3220 διαρρηκτός,
1119 3143 1202 3221 quod
1220 3165 1280 3221 quo
1298 3142 1373 3200 modo

258 3244 407 3317 defendat,
431 3247 496 3322 ipse
512 3244 621 3316 videat,
645 3245 704 3302 vim
733 3251 830 3302 autern
855 3245 1002 3319 vocabuli,
1027 3251 1061 3304 ut
1082 3244 1271 3324 ,perditum“
1292 3247 1372 3322 signi·

255 3347 335 3420 ficet,
359 3352 512 3405 assecutus
534 3345 662 3418 videtur,
686 3365 712 3404 v.
738 3346 821 3406 Cure.
848 3350 923 3406 244:
953 3349 1033 3422 „lien
1056 3345 1238 3408 dierectus“.
1283 3348 1372 3424 Ssepe:

260 3448 326 3520 ,abi
349 3445 526 3520 dierectue“‚
555 3451 575 3506 i.
600 3468 625 3505 a.
649 3452 683 3505 ut
704 3467 817 3524 pereas,
841 3469 868 3508 v.
893 3450 957 3508 Cas.
984 3452 1052 3510 103.
1096 3451 1188 3509 Merc.
1216 3455 1285 3510 181.
1310 3453 1370 3507 714.

255 3550 345 3609 Poen.
372 3549 446 3624 1603
469 3556 531 3608 tum
553 3549 644 3608 Most.
670 3551 748 3608 838:
775 3551 843 3625 „abi
866 3551 1026 3612 dierecte“.
1068 3553 1145 3612 Rud.
1173 3557 1272 3612 117οε
1297 3555 1324 3627 ,i
1343 3559 1369 3608 tu

255 3647 416 3711 dierecta“.
461 3651 547 3729 Capi.
573 3654 649 3711 630:
692 3649 747 3726 „[i]
771 3654 947 3729 dierectum,
979 3675 1030 3714 005
1052 3675 1151 3714 meum
1175 3675 1210 3713 50
1234 3654 1369 3734 suspende

254 3751 316 3814 te“.
365 3754 445 3813 Men.
469 3755 548 3812 432:
587 3753 689 3826 „ducit
709 3755 839 3814 lembum
862 3757 1024 3816 dierectum
1047 3761 1133 3816 nauis
1156 3757 1367 3835 praedatoris.

255 3856 349 3915 Varro
380 3876 427 3934 ep.
454 3855 531 3914 Non.
564 3856 684 3934 „Apage
717 3859 749 3915 in
783 3859 945 3918 dierectum
982 3879 999 3917 a
1032 3861 1120 3920 domo
1155 3867 1260 3920 nostra
1291 3863 1367 3918 istem

253 3954 479 4017 insanitatem!“
525 3957 566 4019 Ut
596 3958 625 4017 b.
650 3959 669 4016 1.
693 3959 782 4018 Most.
808 3965 841 4020 8:
878 3962 945 4034 „abi
974 3960 1134 4021 dierecte“.
1184 3963 1277 4022 Poen.
1302 3963 1365 4020 344:

257 4061 289 4134 ,Ι
312 4061 444 4120 61555555
467 4063 498 4120 in
521 4081 689 4121 maxumam
712 4063 821 4120 melem
845 4062 989 4122 crucem“.
1034 4063 1142 4124 Utrum
1160 4067 1314 4124 vocativus
1333 4063 1366 4119 sit

254 4181 292 4220 an
315 4163 499 4237 adverbium,
531 4164 642 4241 ambigi
663 4169 773 4239 potest.
819 4165 918 4224 Etiam
941 4185 1080 4224 mensura
1103 4165 1242 4225 vocabuli
1264 4169 1362 4224 incerte

253 4269 307 4322 est.
352 4265 472 4324 Brixius
500 4268 544 4325 515
567 4267 639 4324 duas
661 4269 773 4342 primas
801 4267 930 4344 syllabae
953 4289 1069 4344 semper
1091 4273 1122 4327 in
1145 4289 1234 4326 unam
1257 4269 1361 4341 longam

254 4366 397 4440 contrahi,
422 4367 485 4442 sed,
508 4370 566 4426 nisi
588 4372 901 4446 mutatur¹scriptura,
925 4369 1089 4429 sibiet
1111 4371 1178 4429 51115
1201 4369 1359 4447 quibusdan
