2932 5010
557 445 589 498 v.
610 447 755 500 ιιι-ιιι.
1150 455 1208 516 311

92 637 182 697 Cetul.
200 640 248 711 14,
270 641 325 698 17:
351 639 443 713 ,Nem
456 641 481 700 si
493 641 612 714 luxerit,
636 640 674 700 cd
685 641 877 702 librariorum
890 663 1005 702 currem
1018 640 1156 704 semnie“.
1171 676 1210 686 -

90 737 184 815 ipsus,
207 743 228 802 i.
243 763 268 802 e.
292 743 390 816 herus,
415 743 451 802 cf.
471 742 568 802 Oasin.
582 742 658 803 739:
685 743 767 822 „Ego
791 765 835 817 eo,
859 765 919 822 qno
942 767 989 804 me
1011 747 1076 824 ipse
1098 745 1210 807 misit“.

91 875 130 884 -
153 845 225 904 349.
260 845 376 906 Vitiosa
403 865 599 922 personarum
626 849 747 907 nominc
775 851 807 907 in
834 847 891 907 hoc
914 855 944 906 et
965 853 1101 926 proximo
1124 870 1212 910 versu

91 949 158 1006 olim
180 947 340 1008 emendate
367 953 446 1006 sunt.
504 963 642 1026 asseres,
671 951 780 1028 quibus
807 952 915 1030 tegolae
943 953 1153 1029 imponuntur,
1183 973 1211 1010 v.

93 1049 204 1110 Vitruv.
235 1051 299 1125 VII,
325 1054 353 1111 3.
381 1081 424 1092 —
456 1045 525 1113 3'50.
554 1069 593 1113 ne
623 1069 756 1130 quaeras
777 1048 875 1130 forte,
910 1055 946 1114 ci.
971 1053 1009 1112 cd
1031 1056 1115 1114 Asin.
1141 1057 1228 1114 317.Ὶ

91 1183 130 1192 -
153 1156 225 1214 351.
259 1151 421 1231 imputate,
445 1157 464 1214 i.
490 1177 515 1215 e.
539 1157 663 1234 impure,
687 1157 722 1216 cf.
747 1157 814 1216 Ter.
836 1157 956 1218 Phorm.
981 1156 1052 1216 669.
1077 1160 1147 1218 962.
1169 1188 1213 1198 —

98 1251 232 1318 Uolcano
266 1255 390 1332 stude-3,
428 1257 665 1334 magnificentius
698 1260 809 1318 dictum
843 1280 931 1337 quem
968 1261 1054 1335 ,igne
1082 1259 1212 1334 uteris“;

93 1360 125 1418 cf.
149 1360 259 1438 Amph.
285 1363 356 1421 337.
413 1361 472 1421 Sed
504 1363 660 1421 sententiis
693 1383 785 1421 nexus
820 1383 881 1422 non
908 1382 1030 1440 prorsus
1060 1371 1214 1424 accuratus

92 1467 148 1534 est3
193 1483 263 1522 num
293 1469 347 1523 cut
379 1463 536 1524 dicendum
565 1469 645 1524 eret:
695 1485 891 1543 „quamquem
920 1468 1017 1544 ignem
1052 1468 1214 1526 accendere

93 1565 191 1638 debes,
224 1571 326 1626 temen
353 1587 414 1626 non
440 1569 544 1628 licebit
572 1569 629 1627 tibi
659 1568 738 1626 sedes
766 1565 968 1642 comburore“,
998 1575 1064 1628 eut:
1103 1571 1212 1646 „Tune,

92 1671 158 1744 quie
184 1671 264 1747 ignis
293 1671 499 1730 accendendus
522 1677 581 1744 est,
612 1671 691 1730 redes
713 1677 831 1731 nostrus
854 1668 1050 1732 combures?“
1097 1672 1137 1732 Et
1158 1673 1213 1732 hoc

93 1771 209 1846 quidem
239 1777 392 1850 expectari
419 1776 533 1852 potuit,
569 1775 708 1850 quonium
736 1777 885 1834 sententie
912 1795 930 1833 a
962 1769 1066 1851 Quid?
1095 1777 1212 1854 incipit.

92 1872 172 1934 Telis
201 1881 310 1952 peccet
336 1877 469 1952 vulgaris
497 1877 648 1936 hominum
678 1897 785 1938 sermo.
811 1909 852 1919 —
876 1880 947 1937 352.
980 1870 1122 1939 (lenaeus
1143 1881 1213 1938 olim

93 1977 286 2038 emendatum.
331 1979 436 2057 Wagn.
467 1999 599 2038 errorem
627 1979 763 2040 codicum
791 1981 865 2039 mire
893 1980 1052 2040 defendere
1076 1987 1211 2042 conetur.

92 2109 131 2120 -
153 2083 225 2142 353.
243 2077 403 2158 postulae,
427 2103 455 2142 v.
479 2083 517 2140 ed
539 2083 646 2160 Amph.
672 2085 743 2142 357.

174 2186 247 2245 355.
272 2185 420 2246 Strobilos
441 2190 601 2264 postquam
624 2185 767 2245 abeuntes
787 2188 911 2259 monuit,
935 2205 1018 2245 sunm
1041 2186 1159 2248 domum
1181 2205 1213 2244 se

93 2285 215 2360 confert,
244 2291 281 2346 ut
302 2287 344 2348 ibi
367 2307 478 2366 coquos
500 2288 654 2363 observet,
683 2309 721 2348 ne
750 2288 823 2366 quid
851 2289 925 2348 furti
954 2291 1074 2348 socient.
1119 2288 1213 2348 Godd.

93 2387 119 2448 b.
140 2389 160 2448 l.
182 2411 245 2451 non
269 2391 364 2450 solum
387 2411 494 2452 novem
517 2411 634 2452 scenam
657 2393 819 2471 incipiunt,
854 2393 933 2470 quod
961 2411 1068 2470 parum
1095 2409 1214 2450 necesse

94 2498 144 2564 est,
165 2495 219 2554 sed
236 2496 269 2554 iu
286 2497 384 2574 spotio
403 2516 469 2554 eam
487 2495 525 2554 ob
543 2515 662 2554 cuusem
678 2515 772 2554 vocuo
790 2495 959 2554 rubricator
983 2514 1092 2554 novum
1108 2514 1215 2553 nomen

94 2598 209 2672 scripsit
238 2597 447 2658 FITODIOUS
481 2596 647 2672 SERUUS,
682 2597 772 2676 idque
800 2604 962 2658 tenuerunt
985 2597 1129 2670 editorem
1163 2596 1213 2656 sed

94 2705 193 2774 sponte
227 2706 354 2779 apparet
380 2703 528 2762 nemiuem
560 2701 652 2762 elium
682 2706 793 2780 preter
825 2703 924 2780 ipsum
954 2701 1119 2761 Strobilum
1152 2699 1214 2758 brec

95 2795 186 2860 dicere
208 2824 308 2881 posse.
358 2804 436 2876 Quid
459 2803 539 2882 quod
561 2824 616 2864 nec
643 2824 704 2882 quo
727 2804 833 2864 obierit
854 2803 1002 2864 Strobilos
1024 2803 1211 2877 intelligitur,

95 2922 144 2962 nec
166 2925 225 2982 que
247 2906 285 2966 de
308 2927 398 2966 ceusu
419 2926 496 2967 nors
518 2907 666 2966 inferetur
688 2927 830 2983 persone,
866 2909 950 2966 cuius
979 2907 1061 2965 nulls
1089 2924 1213 2982 usquam

96 3005 149 3064 elie
160 3010 270 3068 mentio
282 3008 326 3082 fit,
350 3009 470 3070 easdem
489 3013 627 3069 atriensis
642 3015 756 3088 portes,
779 3029 846 3086 qum
864 3009 987 3068 Strobili
999 3013 1076 3082 sunt,
1100 3003 1213 3082 egene?

96 3106 167 3178 Quid
189 3112 246 3170 sibi
275 3111 406 3172 voluerit
427 3113 596 3172 rubricator
617 3114 683 3185 iste,
707 3132 742 3170 eo
765 3112 916 3172 difficilius
932 3111 1120 3186 intelligitur,
1143 3110 1214 3186 quie

95 3209 218 3274 Fitodici
247 3235 356 3274 nomen
384 3221 559 3292 corruptum
588 3219 642 3274 est.
687 3215 764 3274 Edd.
794 3214 855 3274 fere
878 3214 1076 3290 Pythodicum
1104 3211 1212 3271 substi-

96 3316 192 3390 tuunt,
222 3317 304 3395 quod
332 3339 393 3378 non
415 3321 556 3376 maiorem
578 3321 643 3378 veri
666 3317 891 3377 similitudinem
912 3316 1018 3390 habet,
1049 3336 1138 3393 quem
1162 3319 1214 3373 eut

96 3413 272 3494 Phytodicus
301 3426 353 3481 eut
381 3421 557 3480 Pithodious
586 3427 639 3480 eut
666 3421 837 3482 Philonicus
864 3427 932 3494 eut,
966 3419 1046 3498 quod
1074 3418 1212 3478 Gertuiur

96 3519 193 3596 voluit,
216 3523 389 3584 Philositus.
440 3525 595 3601 Equidem,
619 3527 654 3582 ut
677 3543 771 3582 mecm
793 3543 912 3600 quoque
933 3527 966 3582 in
988 3543 1020 3582 re
1042 3523 1129 3600 porri
1151 3541 1212 3580 mo·

95 3627 178 3682 menti
207 3647 263 3686 nec
290 3627 328 3686 nd
355 3630 454 3706 ipsum
476 3628 616 3686 Plautum
643 3627 808 3704 pertinenti
832 3629 1031 3704 suspicionem
1053 3625 1211 3704 proferam,

97 3724 274 3788 intercidisse
290 3733 459 3809 putaverim
478 3731 656 3809 principium
675 3729 812 3802 nominis,
829 3733 865 3788 ut
878 3725 1090 3802 „Alfitodicus“
1109 3727 1211 3798 firsrit,

97 3825 147 3886 hoc
168 3839 265 3891 eutem
287 3836 405 3893 nominc
431 3827 628 3908 tdtprrocltucr)
653 3852 720 3891 eum
748 3831 909 3909 appellari,
943 3834 995 3910 qui
1022 3832 1122 3890 omnic
1149 3836 1211 3888 tem

98 3939 225 3994 comate
249 3939 391 4012 exigeret,
416 3943 449 3995 ut
471 3939 562 3996 etiem
585 3936 688 3994 ierinae
710 3934 854 3994 iudicium
877 3935 1065 4007 institueret,
1100 3933 1152 3991 sed
1174 3953 1212 3991 ne

98 4053 158 4094 cum
179 4039 314 4113 quidem,
344 4042 395 4116 qui
417 4040 472 4100 boc
496 4059 602 4098 nomen
626 4039 802 4116 adscripsit,
832 4037 868 4094 dc
891 4037 950 4096 ulie
972 4056 1101 4114 persona
1123 4055 1211 4112 quem

99 4135 131 4196 de
143 4139 271 4202 Strobilo
284 4145 431 4218 cogitasse
450 4141 636 4202 crediderim.
670 4139 782 4202 Verum
798 4141 876 4199 servi
894 4159 1011 4212 nomen,
1035 4137 1115 4216 quod
1131 4157 1211 4216 quae·

99 4241 211 4304 sivimus
233 4269 263 4324 p.
278 4247 406 4322 274'sq,
430 4246 479 4303 hic
500 4245 594 4302 lutere
615 4264 676 4303 non
699 4241 797 4303 credo.
815 4257 856 4284 “-·
886 4235 1001 4304 (herote
1023 4246 1068 4300 eet
1094 4260 1211 4314 ,curum

102 4345 200 4422 agitet
218 4352 328 4410 omisso
346 4349 472 4424 obiecto,
494 4353 528 4406 ut
546 4365 572 4406 v.
586 4349 641 4406 81:
667 4341 803 4420 „serua“.
816 4376 858 4386 --
871 4341 1064 4417 intertisam,
1088 4345 1124 4404 cf.
1142 4347 1209 4405 195.
