2922 5006
571 507 689 578 captiui.

522 696 732 783 Tyndarus

881 807 950 872 Em.

470 913 788 998 Aristophontes

930 1023 1190 1103 MmQffi

75 1133 114 1198 To
134 1153 233 1217 negas
259 1139 292 1197 tu
315 1131 500 1216 Tyndarum
524 1130 618 1196 esse?

524 1273 737 1357 Tyndarus

575 1380 666 1464 Nego
689 1381 832 1463 inquam.

474 1523 789 1608 Aristophontes

819 1631 892 1697 Tun
913 1639 947 1698 te
968 1631 1191 1698 Philocratem

73 1739 147 1807 Esse
169 1741 238 1807 ais?

523 1847 733 1932 Tyndarus

218 1956 288 2040 Ego
311 1956 453 2037 inquam.

472 2095 791 2179 Aristophontes

368 2204 458 2270 Tune
480 2203 557 2270 huic
580 2205 711 2270 credis?

566 2346 621 2412 He
656 2348 694 2411 io

555 2368 788 2540 Plnsgquidem
811 2477 910 2540 quam
932 2455 993 2521 tibi
1016 2455 1191 2537 autmih13

75 2561 151 2628 Nam
177 2563 233 2628 ille
262 2561 411 2647 quidem,
445 2584 541 2646 quem
568 2563 655 2628 hunc
683 2585 844 2630 memoras
872 2585 957 2644 csse,
990 2563 1087 2630 hodie
1116 2565 1192 2629 hinc

785 2671 867 2737 abiit
889 2671 1015 2738 Alidem

77 2776 122 2842 Ad
141 2785 267 2863 patrem
289 2777 397 2843 huius.

472 2919 791 3002 Aristophontes

360 3025 461 3104 Quem
485 3028 635 3111 patrem?
670 3029 725 3110 qui
749 3049 861 3094 seruos
885 3037 944 3094 est.

526 3186 736 3271 Tyndarus

885 3343 888 3352 .
938 3296 980 3362 Et
1002 3305 1038 3362 tu
1062 3295 1194 3380 quidem
1299 3360 1302 3366 ,

75 3398 190 3468 Seruos
213 3423 258 3482 es,
281 3401 366 3466 liber
387 3401 490 3479 fuisti,
515 3409 548 3466 et
571 3421 630 3484 ego
653 3423 704 3467 me
728 3401 853 3469 confido
875 3403 955 3484 fore,
1144 3419 1194 3472 570

79 3505 109 3572 Si
128 3508 223 3576 huius
246 3509 309 3575 hnc
331 3509 564 3574 reconciliasso
586 3512 619 3575 in
642 3510 829 3576 libertatem
852 3511 966 3578 filium.

476 3653 794 3736 Aristophontes

75 3773 155 3853 Quid
177 3779 240 3857 ais,
265 3777 422 3843 furcifer?
456 3777 526 3843 Tun
549 3785 581 3843 te
605 3798 672 3843 esse
694 3785 829 3862 gnatum
851 3800 1010 3844 memoras
1034 3779 1194 3845 liberum?

528 3919 735 4003 Tyndarus

79 4039 145 4108 Non
167 4045 317 4128 equidem
342 4067 392 4111 me
415 4045 579 4126 Liberum,
602 4045 658 4111 sed
680 4045 900 4112 Philocratem
923 4067 994 4112 esse
1018 4047 1080 4112 nic.

141 4303 189 4356 teo
205 4309 237 4358 tu
256 4317 307 4357 om.
387 4301 438 4356 568
456 4317 539 4370 quem
557 4305 588 4354 tn
605 4299 680 4356 hunc
761 4302 812 4355 570
831 4300 932 4356 Seruus
951 4307 980 4357 et
998 4302 1068 4357 liber
1147 4304 1196 4355 572

75 4399 192 4442 cessero

960 4491 992 4546 12
