2960 5012
398 1593 401 1598 Ι
512 1513 687 1580 Bacchis
708 1513 746 1578 l.

87 1618 266 1686 Conuenite
291 1621 409 1706 scopis,
433 1621 521 1705 agite
544 1627 685 1688 strenue.

342 1780 348 1793 .
437 1731 549 1814 ecquis
572 1735 691 1796 euocat

89 1833 161 1901 Cum
180 1837 364 1903 nassiterna
386 1843 419 1902 et
441 1858 514 1903 cum
536 1857 623 1921 aqua
644 1837 744 1902 istum
766 1837 1053 1922 impurissumuml

521 2091 692 2158 Bacchis
714 2093 752 2156 A.
782 2157 787 2166 ,

88 2197 204 2264 Ulixem
227 2201 341 2266 audiui
363 2200 461 2266 inisse
484 2201 824 2267 aerumnosissumum.

27 2385 31 2390 Ι
89 2305 145 2383 Qui
165 2310 257 2373 annis
279 2309 398 2392 uiginti
422 2330 533 2375 errans
556 2329 576 2372 c
598 2309 707 2392 petiis
729 2307 825 2386 afuit3

87 2411 198 2503 Uerum
219 2414 273 2480 hic
295 2415 488 2482 adulescens
510 2415 613 2481 multo
636 2415 764 2481 Ulixem
787 2417 901 2494 anteit,

86 2519 140 2597 Qui
161 2521 234 2588 ilico
259 2530 347 2588 errat
369 2525 455 2590 intra
476 2545 587 2590 muros
610 2525 742 2590 ciuicos.

87 2734 135 2801 Sin
156 2738 351 2804 lenocinium
372 2739 481 2806 facere
505 2739 740 2805 conlubitumst
761 2739 832 2811 tibi,

86 2843 198 2912 Uideas
221 2847 381 2913 mercedis
404 2849 483 2932 quid
505 2848 600 2913 tibist
621 2869 760 2930 aequom
783 2848 862 2927 dari,

84 2950 226 3020 Neistae
250 2961 361 3022 aetate
384 2977 434 3021 me
458 2963 583 3022 sectere
605 2956 730 3040 gratiis.

573 3193 701 3260 Senex

84 3297 167 3375 Nam,
189 3301 298 3368 credo.
321 3303 450 3384 quoiuis
473 3310 648 3368 excantare
671 3324 726 3368 oor
748 3309 851 3386 potes.

86 3577 97 3626 l
115 3575 212 3633 Cisra
226 3595 256 3648 p.
275 3579 386 3634 21911'.

86 3662 146 3716 a-3
164 3664 236 3720 Feci.
252 3681 283 3733 p.
302 3668 371 3718 169.-
388 3665 503 3719 Plautus
520 3666 550 3720 in
567 3665 746 3721 Baccidibus:
763 3666 840 3722 Haec
858 3667 919 3736 quis
938 3669 1039 3720 euocat
1055 3669 1107 3720 eto.

84 3748 145 3800 4—'1
163 3747 266 3804 Olearia
282 3765 313 3818 p.
332 3753 387 3805 201
405 3750 460 3805 K„-
494 3749 566 3806 Ilico
583 3769 636 3822 prc
653 3753 683 3808 iu
700 3753 770 3807 loco.
816 3751 929 3806 Plautus
949 3752 980 3805 in
998 3749 1194 3806 Bacchidibus:

129 3833 233 3889 Ulixem
252 3841 305 3891 etc.

83 3917 162 3972 8—10
179 3919 284 3976 Cium
301 3937 330 3990 p.
349 3925 406 3977 200
422 3920 473 3976 K.:
501 3920 610 3976 unciis
646 3922 761 3976 Plautus
778 3924 808 3976 iu
825 3921 1021 3977 Bacchidibus:
1049 3919 1098 3975 Sin
1116 3920 1193 3974 leno·

128 4005 229 4060 ciuium
246 4005 320 4062 sorte
337 4007 492 4062 collibitum
511 4013 554 4062 est
571 4013 621 4062 etc.
692 4011 709 4063 9
726 4007 777 4062 tibi
796 4013 839 4062 est
856 4024 953 4061 aecum

85 4089 110 4139 11
128 4089 234 4147 Nonius
246 4109 276 4161 p.
295 4095 364 4146 102:
399 4091 556 4148 Excantare
574 4091 712 4163 significat
730 4093 886 4148 excludere.
917 4093 1031 4147 Plautus
1049 4089 1194 4144 Bacchidi·

128 4175 191 4230 bus:
226 4193 291 4232 nam
314 4177 398 4232 credo
423 4178 511 4232 cuiuis
534 4183 683 4234 excantare
705 4195 755 4233 cor
772 4183 874 4248 potest.
924 4175 1034 4232 Seram
1057 4177 1095 4230 cd
1120 4175 1194 4242 Very.

130 4259 222 4316 Bwoc
248 4261 337 4332 ΠΗ,
361 4265 409 4317 71.·
448 4263 521 4318 Sane
543 4270 653 4319 ueteres
671 4269 782 4319 cantare
801 4263 835 4318 de
854 4264 962 4333 magico
981 4261 1102 4316 carmine
1122 4259 1196 4312 dice·

130 4344 203 4413 bant,
220 4347 295 4402 unde
314 4353 342 4403 et
360 4355 507 4403 excantare
526 4353 569 4402 est
584 4349 700 4418 magicis
719 4350 889 4404 carminibus
913 4349 1044 4417 obligare.
1080 4345 1196 4399 Plautus

130 4429 158 4483 in
175 4431 371 4488 Bacchidibus:
389 4433 460 4488 Nam
477 4440 508 4488 tu
527 4435 639 4502 quidem
657 4435 745 4488 cuiuis
764 4441 910 4490 excantare
930 4449 978 4488 cor
992 4431 1074 4486 facile
1088 4435 1179 4500 potes.
