2922 5006
127 1800 372 1868 PALINURUS
396 1801 570 1869 SERUOS.
615 1802 906 1870 PHAEDROMUS
929 1803 1219 1873 ADULESCENS.

557 1956 780 2022 Palinurus

107 2063 180 2143 Quo
203 2063 261 2130 ted
284 2063 347 2130 hoo
369 2065 475 2130 noetis
499 2065 607 2130 dicem
629 2064 795 2148 profioisoi
817 2063 906 2132 foras

107 2170 187 2238 Cum
210 2174 296 2239 istoo
320 2179 439 2238 ornatu
463 2193 602 2258 cumque
625 2173 687 2238 hac
710 2193 839 2258 pompa,
862 2172 1089 2241 Phaedrome?

533 2303 808 2371 Phaedromus

108 2410 178 2490 Quo
201 2410 315 2478 Uenus
340 2409 534 2496 Cupidoque
557 2414 688 2497 inperat
711 2413 894 2498 suadetque
917 2413 1026 2480 Amor.

108 2519 272 2614 Simedia
294 2540 359 2585 nox
382 2525 431 2585 est
454 2521 557 2587 siuest
580 2523 686 2605 prima
708 2542 859 2606 uespera,

106 2625 140 2692 Si
164 2633 271 2693 status
296 2628 469 2694 oondiotus
493 2651 567 2694 oum
588 2629 683 2694 hoste
706 2630 883 2696 intercedit
907 2630 985 2712 dies,
1220 2648 1238 2700 o

105 2733 229 2802 Tamen
251 2742 303 2802 est
325 2735 479 2818 eundum,
503 2757 568 2820 qno
591 2737 732 2821 inperat,
756 2739 917 2822 ingratiis.

231 2961 236 2968 Ι
560 2867 782 2936 Palinurus

105 2973 147 3041 At
169 2974 315 3054 tandem,
338 2974 475 3040 tandem
497 3011 540 3022 -

533 3106 809 3173 Phaedromus

583 3214 729 3280 Tandem
753 3238 787 3281 es
810 3215 943 3282 odiosus
966 3215 1056 3282 mihi.

555 3346 782 3412 Palinurus

106 3453 197 3520 lstuo
221 3453 356 3538 quidem
378 3475 437 3519 neo
460 3453 618 3520 bellumst
641 3477 700 3520 neo
723 3455 951 3522 memorabile:

106 3561 192 3630 Tute
217 3562 280 3629 tibi
303 3583 385 3648 puer
408 3584 460 3644 es;
482 3561 592 3628 lautus
615 3563 707 3629 luces
732 3585 871 3628 cereum.

533 3693 813 3760 Phaedromus

107 3801 217 3885 Egone
240 3801 446 3886 apicularum
468 3823 569 3885 opera
593 3809 784 3887 congestum
806 3823 871 3868 non
893 3799 1007 3882 feram,
1203 3819 1236 3871 10

107 3909 154 3974 Ex
177 3909 265 3977 dulci
288 3909 470 4008 oriundum,
494 3909 635 3975 meloulo
659 3909 746 3975 dulei
769 3911 864 3977 meo?

560 4039 781 4106 Palinurus

108 4146 191 4216 Nam
212 4171 278 4235 quo
302 4157 335 4215 te
358 4148 466 4214 dioam
489 4170 548 4233 ego
571 4149 642 4213 ire?

112 4309 304 4318 -—.—-.......-
323 4314 334 4317 -

176 4385 187 4434 1
207 4381 261 4435 heo
332 4381 476 4451 dilapido
495 4383 614 4452 imperat
686 4387 715 4434 11
737 4383 877 4438 mellioulo
