2932 5010
242 517 303 580 346
725 511 878 566 Aulularia.

239 709 354 768 tissima
374 702 602 786 persequatur“.
650 705 803 766 Interdum
821 705 968 766 eiusmodi
984 707 1149 780 sententie,
1174 725 1232 764 non
1249 709 1372 764 mutata

239 809 396 889 particule
424 811 469 883 vi,
504 829 569 868 cum
603 807 845 868 antecedentibus
871 809 1052 884 iunguntur,
1086 827 1114 868 v.
1145 829 1237 888 snpra
1265 810 1305 868 ³9
1338 815 1372 866 et

239 918 340 974 annot.
353 943 396 954 —
409 914 480 972 640.
507 925 620 988 „quam
637 905 776 989 beaiyne,
799 931 889 988 quam
905 911 1073 970 liberaliter
1087 917 1269 990 potestatem
1291 912 1374 970 facit

239 1011 450 1093 exquirendii“
486 1013 589 1073 Lamb.
622 1043 666 1055 —
694 1013 765 1074 64].
799 1009 887 1074 Nocti
912 1008 1136 1092 sycophantias
1164 1013 1236 1073 olim
1264 1033 1372 1072 emen-

239 1118 358 1190 datum,
393 1117 444 1176 sed
468 1135 572 1175 versus
594 1115 679 1176 biatu
706 1116 839 1190 laborat,
874 1119 926 1196 qui
953 1135 1008 1176 nec
1035 1123 1104 1194 post
1129 1113 1283 1192 ,rursum“
1313 1136 1374 1175 nec

238 1227 308 1300 post
334 1215 496 1293 „ostende“
522 1219 694 1278 verisimilis
717 1225 779 1292 est,
813 1237 867 1278 nec
890 1219 1028 1278 Euclioni
1051 1219 1209 1278 dicendum
1233 1223 1312 1292 erat,
1340 1239 1375 1277 se
1461 1265 1462 1276 .

240 1322 454 1400 sycophantias
483 1340 583 1394 nosse,
618 1321 699 1398 quod
726 1321 782 1379 sibi
809 1321 892 1380 laudi
917 1320 1051 1380 tribuere
1078 1341 1138 1380 non
1164 1323 1276 1400 potuit,
1316 1321 1376 1379 sed
1461 1309 1462 1386 ξ

240 1423 367 1484 Strobili
395 1423 603 1502 sycophantias
626 1443 658 1482 ss
680 1425 860 1502 perspicere.
915 1422 1111 1483 Desideratur
1136 1421 1259 1496 ,istas¹‘,
1283 1423 1376 1501 qued
1461 1403 1462 1452 3

240 1527 380 1604 quoniam
403 1533 528 1584 metrum
554 1545 612 1586 non
635 1527 708 1599 fert,
735 1527 806 1586 tuas
827 1527 943 1602 scripsi.
988 1525 1140 1584 Licentiae
1162 1525 1252 1598 Brix,
1277 1545 1376 1602 quem
1461 1587 1462 1590 ,

239 1635 404 1706 sequuntur
425 1627 488 1687 Wr.
508 1635 538 1688 et
555 1628 621 1689 Fa:
648 1628 788 1703 „ostende
810 1628 867 1687 buc
889 1627 1052 1688 dexteram.
1087 1627 1168 1688 STR.
1187 1626 1243 1686 Em
1269 1624 1374 1702 [tibi].
1460 1635 1462 1700 l

238 1730 326 1792 EUO.
349 1731 435 1790 Nunc
454 1727 523 1792 ...“
551 1759 589 1772 -
614 1733 685 1792 642.
714 1725 887 1792 Decorum
911 1731 981 1789 olim
1004 1729 1201 1789 emendatum.
1226 1759 1268 1770 -
1293 1732 1375 1792 646.
1461 1777 1462 1796 ,

234 1848 335 1911 penes
356 1853 417 1892 nou
438 1835 630 1910 postponitur
652 1835 756 1908 solum,
781 1834 833 1892 sed
856 1835 944 1892 etiem
960 1833 1078 1908 longius
1095 1853 1113 1891 a
1128 1847 1179 1891 me
1197 1838 1375 1909 separatur,

240 1935 355 1996 ci.Ter.
369 1934 441 1994 Hac.
456 1939 532 1996 535:
559 1955 653 2013 „quae
675 1943 706 1995 te
729 1943 774 1995 est
796 1934 918 2013 penas“.
942 1965 985 1978 -
1008 1937 1080 1995 647.
1104 1931 1158 2013 qui
1180 1955 1234 2012 pro
1257 1935 1372 2011 ,quis“

239 2039 311 2098 clim
335 2037 530 2098 emendatum.
589 2038 620 2098 Si
648 2059 751 2098 versus
780 2047 863 2097 recte
892 2043 1019 2116 scriptus
1042 2045 1101 2112 est,
1126 2034 1212 2098 intus
1233 2041 1377 2114 priorem

239 2142 373 2218 corripit.
430 2141 495 2213 Quo
525 2143 640 2200 numeri
668 2142 818 2200 faciliores
840 2140 958 2215 flerent,
992 2141 1098 2219 Wagn.
1127 2137 1248 2214 ,maue“
1274 2143 1377 2200 semel

163 2299 165 2304 .
238 2245 367 2320 scripsit,
391 2241 807 2318 Botb.Weis.M1'ill.„ille“;
830 2245 949 2303 Milllar.
961 2251 1109 2323 praeterea
1134 2251 1250 2319 „tecum
1269 2245 1376 2319 erat“,

238 2346 426 2424 improbante
456 2345 597 2420 Luchsio,
632 2347 765 2406 Studem.
795 2346 878 2406 Stnd.
901 2347 930 2420 I,
958 2367 988 2426 p.
1018 2349 1067 2407 45.
1118 2347 1247 2406 Francis.
1280 2349 1377 2424 „quis

239 2449 299 2506 illic
329 2454 374 2506 est
404 2448 496 2521 alter,
532 2452 582 2525 qui
606 2451 685 2509 intus
715 2457 812 2508 tecum
841 2457 906 2508 erat
939 2447 1068 2509 simul?“
1103 2479 1147 2490 -
1180 2449 1377 2527 Suspiciosus
1460 2515 1461 2520 χ

240 2550 336 2622 homo,
361 2553 500 2626 quoniam
518 2553 598 2630 apud
617 2551 778 2611 Strobilum
799 2552 872 2610 nihil
893 2553 1015 2620 invenit,
1040 2555 1098 2611 iam
1117 2571 1149 2611 se
1161 2551 1287 2610 alterum
1300 2571 1375 2612 oum

240 2671 275 2712 eo
298 2651 407 2716 vidisse
428 2654 619 2728 imaginatur.
642 2685 685 2697 -
708 2657 768 2714 648
792 2675 836 2732 sq.
870 2649 959 2715 Pati
977 2701 984 2716 .
999 2701 1026 2714 ..
1052 2649 1152 2726 habet,
1176 2653 1240 2712 haec
1261 2652 1376 2714 Euclio

241 2775 350 2816 secum.
396 2750 511 2825 turbat,
540 2756 642 2816 turbas
665 2757 747 2817 iacit.
770 2786 814 2798 -
835 2752 931 2832 branc,
966 2757 1146 2829 Strobilum,
1181 2751 1245 2828 hic,
1280 2755 1374 2830 alter,

240 2859 387 2932 δεικτικῶς
420 2857 507 2918 Both.
531 2863 561 2918 et
583 2859 633 2919 Fr.
661 2855 786 2934 ,hinc“;
820 2860 933 2919 scilicet
958 2857 1045 2934 „ille“
1072 2858 1284 2935 expectabant,
1316 2859 1376 2917 sed

241 2961 277 3020 cf.
302 2959 386 3038 Capt.
413 2962 503 3022 1006.
549 2961 612 3022 Mil.
638 2965 698 3022 379
729 2969 760 3021 et
782 2965 860 3022 420:
899 2980 976 3039 „quo
1002 2961 1093 3020 modo
1120 2961 1184 3020 brec
1212 2960 1280 3019 hinc
1311 2961 1375 3021 buc

240 3069 369 3128 transire
396 3063 527 3146 potuit“.
582 3063 674 3124 Stich.
699 3066 777 3124 644:
815 3063 945 3138 ,Gadum
974 3064 1061 3122 modo
1089 3065 1156 3122 hinc
1186 3084 1202 3121 a
1232 3082 1278 3120 me
1309 3063 1374 3122 hnc

241 3191 307 3231 cum
329 3173 400 3230 uino
421 3163 628 3228 transieram“.
684 3167 770 3227 Truc.
796 3169 873 3227 692:
912 3167 1023 3240 ,Quom
1053 3165 1109 3224 boc
1136 3167 1195 3224 iam
1217 3166 1369 3241 uolupest,

242 3279 314 3334 tum
328 3273 385 3333 boc
408 3269 479 3346 [est]
503 3273 595 3330 nimio
617 3290 740 3347 magnae
759 3271 908 3329 melliniae
926 3265 1028 3328 mibi“.
1040 3297 1082 3310 -
1095 3264 1213 3342 amatio,
1237 3268 1369 3339 dimitto,

126 3448 129 3457 Ι
241 3397 268 3436 v.
294 3375 332 3434 ad
353 3377 438 3435 Asin.
459 3376 530 3434 604.
575 3373 619 3432 Ne
643 3373 709 3450 quis
735 3368 830 3444 „Sed“
855 3377 924 3430 ante
949 3367 1064 3443 „bune“
1090 3369 1249 3444 desideret,
1274 3391 1301 3428 r.
1329 3370 1368 3428 ad

241 3478 348 3554 Amph.
363 3480 435 3537 350.
453 3507 497 3518 -
514 3478 585 3536 649.
608 3470 690 3534 hunc
710 3470 783 3546 iam,
808 3475 862 3532 hoc
886 3473 990 3532 ordine
1013 3474 1136 3546 Nonius,
1160 3475 1212 3550 qui
1233 3471 1279 3530 bis
1300 3491 1369 3530 ver-

241 3599 307 3639 sum
330 3579 424 3654 affert,
447 3599 477 3657 p.
502 3580 562 3638 317
586 3583 616 3635 et
638 3579 710 3638 469.
737 3572 941 3652 perscrutati
948 3592 959 3650 ,·
981 3579 1081 3635 activa
1102 3576 1198 3635 forma
1220 3579 1369 3653 preterea

243 3701 280 3742 ex
302 3701 361 3740 unc
383 3681 538 3740 Ammiano
562 3679 694 3739 affertur.
717 3709 759 3719 —
781 3674 859 3738 nibil
886 3673 977 3739 habet
1003 3679 1074 3738 olim
1099 3677 1301 3737 emendatum.
1325 3707 1369 3718 —-

244 3783 314 3845 650.
351 3779 457 3860 dique,
485 3785 600 3859 antiqui
623 3783 689 3843 edd.
717 3778 854 3857 „omnea“
880 3781 1078 3854 addiderunt,
1109 3781 1200 3858 idque
1222 3783 1253 3838 in
1275 3779 1299 3837 B
1322 3782 1367 3838 in·

241 3889 339 3948 veniri
361 3885 522 3946 effumavit
543 3885 702 3958 Gruterus,
731 3886 822 3958 fals03
856 3905 910 3945 uec
932 3886 1074 3944 omissum
1096 3881 1245 3942 offenders
1267 3882 1367 3952 debet,

242 3991 278 4050 ef.
303 3989 389 4068 cipe.
413 3991 484 4049 eea.
516 3990 586 4051 coe.
612 3990 683 4048 917.
729 3987 825 4048 casin.
850 3989 927 4048 253:
964 3986 1125 4061 „Hercules
1156 3986 1247 4063 dique
1277 3988 1367 4044 istem
1458 3963 1459 3994 ²

241 4089 407 4171 perdant!“
453 4090 524 4150 Haeo
546 4089 637 4149 verba
659 4090 723 4150 cod.
747 4091 780 4149 B.
805 4089 935 4148 Strobilo
958 4090 1079 4162 tribuit,
1109 4090 1245 4165 proxima
1267 4095 1366 4148 antem

242 4189 355 4273 (Haud
375 4189 456 4255 male
480 4238 486 4252 .
506 4239 513 4252 .
533 4237 539 4252 .
562 4188 696 4270 yraiias)
728 4193 879 4266 Euclioni,
914 4199 1011 4266 recte,
1045 4191 1149 4251 Euclio
1173 4191 1230 4250 sibi
1252 4191 1367 4266 gratias

242 4317 359 4356 merere
381 4297 510 4369 videtur,
534 4295 613 4373 quod
637 4294 798 4355 Strobilum
822 4295 980 4354 dimiserit.
1029 4293 1202 4354 Deteriores
1225 4292 1309 4353 codd.
1334 4299 1367 4350 et

244 4399 391 4458 aditorum
429 4399 564 4476 plerique
597 4417 792 4475 personarum
826 4397 960 4456 ordinem
995 4397 1164 4468 invertunt,
1206 4415 1307 4455 verum
1341 4397 1367 4453 si
