2932 5010
599 513 631 567 v.
650 515 793 568 cer-eea.
1091 519 1092 523 ¹
1199 521 1263 582 299

130 705 204 765 ficat
229 707 278 782 ,id
301 707 494 784 quodmodo
517 707 628 782 dixisti,
651 715 681 768 te
703 711 824 787 nuptias
847 704 1058 787 paraturum“;
1082 709 1156 768 nihil
1179 710 1263 770 eliud

130 809 199 868 vult
228 809 348 884 Euclio,
383 810 419 870 cf.
443 810 549 870 Bacch.
580 813 651 871 753.
714 811 853 870 Proxima
884 811 976 871 verba
1008 811 1093 870 codd.
1122 810 1260 871 Euclioni

131 914 327 987 continuant;
360 912 524 988 Megadoro
551 913 712 973 tribuenda
739 933 803 972 esee
832 913 985 973 Acidaliae
1013 912 1099 972 vidit.
1122 943 1165 954 —
1188 914 1261 972 256.

131 1013 258 1074 Servum
280 1015 381 1088 vocat,
404 1021 492 1074 uteo
515 1017 680 1075 comitetur.
717 1030 927 1092 propere
952 1016 1092 1089 sirenue,
1121 1015 1262 1076 Plautina

131 1117 328 1178 abundantia.
363 1117 406 1177 cf.
429 1117 534 1177 Bacch.
560 1116 631 1178 371.
664 1118 729 1176 Mil.
751 1121 825 1178 177:
853 1123 994 1196 „repente
1017 1115 1147 1178 aubito“.
1181 1116 1258 1178 Rud.

134 1221 233 1278 1323:
262 1219 428 1298 „Eloquere
450 1239 578 1298 propere
602 1217 769 1280 celeriter“.
814 1219 882 1279 Cur.
905 1221 980 1280 363:
1009 1220 1135 1294 ,exinde
1157 1217 1260 1280 ilioo“.

221 1325 378 1382 aer-59.
413 1323 483 1382 llaec
511 1321 616 1380 Euclio
644 1342 752 1395 aecum,
782 1329 939 1399 postquem
966 1323 1042 1382 abiit
1069 1321 1259 1397 Megadorus.

129 1417 209 1485 Illic
230 1420 299 1484 hirec
322 1418 408 1497 abiit,
433 1425 468 1484 ef.
488 1426 560 1482 452.
580 1424 664 1500 Cepi.
685 1427 755 1484 895.
789 1423 878 1501 Epid.
898 1425 947 1484 81.
982 1424 1047 1484 Mil.
1063 1427 1133 1484 587.
1168 1425 1260 1484 Poeu.

131 1529 207 1586 442.
233 1557 274 1566 -
297 1529 367 1586 258.
395 1522 593 1586 inaudivisse
615 1526 729 1586 Nonius
751 1547 781 1604 p.
808 1529 885 1599 500,
916 1527 966 1584 ubi
989 1525 1067 1584 hunc
1089 1547 1208 1586 versum
1231 1531 1278 1585 et'

129 1630 316 1706 principium
338 1633 491 1706 sequentis
514 1629 615 1702 affert,
644 1623 686 1688 Id
706 1623 819 1700 inhiat,
843 1630 1058 1688 nominativum
1082 1627 1182 1688 dicens
1205 1647 1263 1706 pro

130 1731 236 1790 dativo
248 1733 387 1808 positum.
417 1733 626 1792 Accusatio-um
639 1751 704 1790 esse
715 1731 845 1790 vidimus
857 1751 884 1790 v.
901 1732 970 1790 187.
998 1725 1034 1790 id
1044 1736 1143 1790 autem
1155 1749 1261 1789 aurum

130 1840 188 1906 est,
211 1840 245 1892 ut
267 1853 295 1892 r.
314 1836 343 1906 8,
366 1835 423 1906 vel,
447 1837 472 1893 ei
494 1834 551 1893 hoc
573 1835 675 1906 mavis,
699 1833 737 1892 ad
759 1838 857 1893 totum
879 1853 972 1910 genus
994 1833 1131 1892 refertur.
1152 1833 1259 1908 Wegn.

128 1936 264 1996 eontulit
275 1937 358 1994 Asin.
372 1938 427 1996 89:
455 1935 590 2014 „Uiginti
606 1938 666 1994 iem
684 1941 769 1996 usust
790 1935 853 1995 filio
871 1937 989 2010 argenti
1008 1936 1111 2008 minis3
1134 1935 1211 1994 Face
1229 1934 1263 1994 id

129 2043 168 2098 ut
190 2045 327 2116 peratum
350 2041 410 2097 iam
432 2036 502 2098 sit“.
546 2039 629 2097 Trio.
653 2039 730 2098 405:
758 2037 875 2112 „Minae
899 2037 1097 2115 quadraginta
1119 2039 1261 2114 accepisti

208 2141 284 2213 Quid
308 2141 447 2201 factumst
469 2137 546 2200 eo‘?“
582 2141 663 2200 Brix.
687 2140 725 2200 ed
746 2139 812 2200 Mil.
836 2141 876 2200 43
900 2139 985 2199 addit
1006 2139 1089 2198 Trin.
1116 2141 1174 2199 152
1198 2159 1260 2217 sq.:

133 2243 349 2318 „Nummorum
371 2243 561 2320 Philippeum
585 2242 623 2302 ad
645 2247 705 2302 trie
727 2243 818 2302 milia.
852 2241 885 2300 Id
910 2239 983 2301 etc.“
1010 2273 1054 2284 —
1076 2235 1260 2315 obstinacia

127 2351 151 2406 i.
176 2367 203 2405 e.
231 2347 275 2404 ita
305 2349 403 2404 animo
437 2349 609 2424 proposuit,
643 2351 677 2403 ut
704 2345 775 2404 inde
803 2345 912 2422 depelli
943 2349 1088 2422 nequeat,
1123 2345 1160 2404 cf.
1192 2343 1257 2402 Liv.

128 2447 246 2520 XXIII,
271 2450 320 2520 29,
346 2449 379 2506 7:
406 2449 647 2521 „obstinaverant
669 2449 775 2506 animis
799 2453 850 2508 aut
871 2449 989 2506 vincere
1012 2453 1066 2506 eut
1086 2442 1193 2506 mori“.

221 2552 292 2610 260.
327 2549 431 2609 Euclio
453 2550 626 2629 Staphylam
650 2555 768 2623 evocet,
802 2557 837 2609 ut
865 2552 893 2608 ei
921 2551 1057 2628 imperet,
1087 2566 1154 2625 quse
1185 2566 1262 2625 opus
1353 2535 1356 2542 Δ

129 2656 204 2712 sint.
244 2653 349 2730 Wagn.
373 2653 544 2712 huiusmodi
573 2655 637 2712 fere
658 2673 777 2712 versum
800 2653 945 2712 excidisse
967 2652 1109 2730 putabat:
1155 2650 1263 2724 „Certe

129 2775 209 2814 enus
241 2755 311 2814 huic
343 2755 486 2814 indicium
519 2756 606 2828 lecit;
648 2757 706 2814 iam
739 2756 830 2815 illanc
864 2751 1057 2814 evocavero“.
1113 2751 1262 2830 Equidem

130 2857 210 2916 nihil
233 2857 379 2916 desidero.
425 2852 672 2931 deblateram'sli,
707 2858 750 2918 sic
771 2859 830 2916 iem
852 2859 866 2915 I
890 2853 1126 2930 (deblatrauieti)
1149 2857 1262 2934 aliique

129 2960 329 3032 recentiores,
362 2965 398 3020 ut
427 2959 547 3020 videtur
574 2980 612 3019 ex
633 2960 748 3033 Nonio,
784 2961 835 3038 qui
857 2980 886 3035 p.
911 2959 966 3018 44:
1007 2959 1116 3032 „blatis
1147 2963 1178 3018 et
1199 2958 1262 3017 bla-

129 3069 214 3121 teras
243 3061 385 3139 confingis
420 3067 472 3122 aut
502 3063 657 3122 incondite
686 3067 717 3121 et
744 3063 875 3121 inaniter
903 3063 1036 3139 loqueris
1065 3105 1180 3122 .....
1210 3065 1263 3121 aut

131 3187 151 3223 a
180 3164 292 3224 balatu.
347 3163 470 3226 Plautus
499 3167 531 3224 in
557 3165 776 3244 Amphitryone
805 3157 896 3241 (620)
1024 3165 1055 3221 in
1087 3163 1261 3223 Aulularia:

130 3267 188 3326 ubi
210 3273 244 3324 tu
268 3287 308 3340 es,
337 3288 412 3345 quae
435 3267 630 3327 deblateraeti
652 3269 711 3326 iam
738 3267 846 3350 uicinia
874 3261 1051 3326 omnibuel“
1099 3265 1179 3325 Feet.
1203 3265 1260 3343 Ep.

130 3389 164 3448 p.
185 3371 239 3428 34:
271 3369 439 3444 ,blaterare
467 3376 512 3430 eet
533 3371 623 3429 stulte
647 3375 677 3428 et
698 3367 869 3448 praecupide
891 3368 989 3446 loqui,
1014 3367 1095 3446 quod
1116 3388 1135 3426 a
1157 3367 1262 3428 Graeco

130 3473 202 3548 βλάξ
229 3473 376 3546 originem
398 3472 496 3546 ducit3
530 3473 583 3532 sed
605 3478 635 3532 et
655 3473 793 3546 camelos,
817 3490 908 3548 quum
929 3490 1017 3530 voces
1040 3469 1140 3543 edunt,
1164 3471 1260 3530 blate-

130 3595 203 3634 rare
233 3571 387 3634 dicimue“.
443 3573 538 3634 Lucil.
570 3576 651 3654 apud
677 3575 753 3635 Non.
777 3595 806 3654 p.
838 3575 894 3634 96:
933 3573 1154 3648 ,deblaterant;
1177 3573 1263 3632 blen-

130 3698 206 3750 nus,
239 3676 327 3736 bonu’
356 3669 478 3736 ruetieu'
508 3679 639 3737 concinit
666 3675 756 3738 una“.
811 3675 907 3736 Varro
940 3675 980 3736 ib.
1009 3698 1038 3754 p.
1069 3679 1125 3737 40:
1164 3675 1261 3750 ,Quid

133 3779 202 3840 est?
226 3779 298 3857 quid
321 3779 475 3838 blateras?
500 3777 598 3854 (codd.
621 3778 743 3852 lateres)
767 3779 840 3857 quid
862 3778 965 3838 rabia?
995 3780 1068 3856 quid
1090 3782 1137 3838 uie
1159 3777 1257 3838 tibi?“

133 3883 208 3942 Hor.
232 3881 293 3940 Set.
316 3881 356 3956 Il,
380 3886 408 3957 7,
434 3885 489 3942 35:
531 3883 660 3960 „Ecquis
683 3880 788 3942 audit?
818 3903 884 3942 cum
914 3903 1022 3960 magno
1045 3883 1179 3942 blateras
1203 3883 1261 3942 ela·

134 3982 250 4044 more“.
285 3984 399 4044 Gellius
422 3991 453 4044 et
475 3986 621 4063 Apuleius
646 3985 756 4058 „stulta
777 3983 939 4058 blaterare,
962 3985 1074 4044 vitiosa
1095 3981 1203 4043 verba“
1230 3989 1261 4042 et

134 4088 254 4148 similia.
280 4117 318 4128 -
344 4089 415 4147 262.
444 4103 525 4164 petre
548 4083 656 4148 lauare
678 4087 768 4162 vulgo
791 4086 914 4162 dicitur,
945 4091 979 4147 ut
1001 4086 1067 4147 Liv.
1091 4087 1132 4159 V,
1156 4089 1205 4159 22,
1230 4089 1259 4145 4.

126 4205 271 4268 propera
293 4191 385 4268 alque
408 4185 515 4250 eluci.
539 4210 564 4249 e.
587 4209 716 4267 propere
738 4189 803 4248 elue
826 4195 879 4250 eut
899 4210 1031 4269 propere
1053 4189 1166 4263 eluere,
1195 4207 1262 4248 ver·

134 4295 242 4353 borum
260 4292 365 4356 ordine
383 4294 472 4370 paulo
489 4293 687 4371 impeditiore,
709 4297 745 4352 ut
766 4313 859 4371 supra
882 4295 938 4353 97:
966 4312 1058 4366 „uase
1071 4339 1077 4352 .
1092 4337 1099 4352 .
1112 4291 1193 4351 iures
1210 4312 1261 4352 ae·

133 4398 215 4456 nisse
244 4401 333 4472 atque
362 4390 550 4456 abstulisee“.
607 4393 696 4473 Epid.
726 4401 816 4455 extr:
855 4396 990 4470 „lumbos
1024 4397 1137 4473 surgite
1170 4399 1263 4472 etque
