2916 5006
226 431 287 493 392
698 423 861 480 Bacchides.

225 621 264 680 ad
287 621 387 679 Plauti
410 619 552 694 Stichum,
577 619 745 698 (ieppcrtns
768 619 806 678 de
829 619 892 679 cod.
916 618 1021 678 Ambr.
1044 639 1074 697 p.
1096 619 1135 677 14
1159 617 1198 676 ad
1220 619 1358 678 Terentii
1437 597 1438 684 l

223 723 377 800 Adelphos
400 724 512 800 retulit.
564 723 611 781 Ibi
634 723 747 798 legitur
769 721 800 781 (l.
818 720 1026 782 PUBLILIVS
1048 720 1081 778 P.
1099 719 1208 794 LLIO;
1242 723 1357 781 vocalis

225 835 325 884 utrum
347 825 374 883 Ε
398 825 482 884 onO
510 825 616 898 inerit,
650 845 756 901 perum
785 825 890 901 liquet.
913 853 956 864 —-·
980 825 1051 883 213.
1086 819 1194 896 eliam,
1230 825 1290 882 vid.
1314 825 1355 884 ad

223 929 307 988 Asin.
333 931 403 988 670.
426 957 469 968 -
491 925 596 1005 sorice.
619 927 733 986 Nonius
756 947 785 1006 p.
812 929 887 987 306:
925 923 1107 1001 „formose“.
1160 925 1272 985 Saltem
1295 948 1354 986 vox

224 1033 306 1089 inter
328 1036 476 1089 amatores
499 1031 551 1089 illo
574 1035 709 1108 tempore
732 1034 852 1102 usitata,
876 1049 904 1089 v.
922 1029 988 1088 Mil.
1010 1031 1102 1088 1099.
1128 1031 1221 1088 1104.
1255 1029 1353 1089 Lucil.

224 1133 319 1208 XXX,
336 1136 411 1192 115:
439 1133 567 1208 „Omnes
585 1133 708 1191 formosi
725 1133 818 1191 fortes
830 1132 896 1206 tibi,
921 1149 976 1206 ego
989 1131 1155 1210 improbus.
1190 1130 1298 1191 Esto“.
1312 1163 1355 1173 —

226 1237 297 1294 214.
321 1235 497 1294 Mnesilochi
515 1237 638 1294 amicam
657 1239 701 1294 ita
722 1235 908 1308 laudaturus,
931 1241 966 1294 ut
988 1255 1071 1294 susm
1087 1234 1183 1293 multo
1201 1236 1353 1312 praeierat,

228 1335 329 1413 ,Nisi‘⁴
361 1339 461 1413 inquit
491 1338 573 1415 „ipse
602 1338 746 1397 Venerem
775 1342 880 1396 noctus
908 1357 1017 1410 essem,
1051 1335 1152 1396 illem“
1177 1367 1222 1380 --
1250 1359 1355 1416 expec-

224 1447 321 1498 tamus
354 1439 517 1512 ,Venerem
545 1436 704 1514 dicerem“,
739 1439 792 1498 sed
825 1443 964 1518 sequitur
993 1441 1069 1516 παρὰ
1098 1441 1269 1516 προσδοκίαν
1304 1439 1352 1515 (cf.

225 1543 307 1600 Asin.
324 1539 397 1614 875)
420 1539 611 1616 „lunonem“,
633 1545 716 1602 cuius
733 1543 859 1602 similior
881 1543 908 1600 ei
930 1542 1097 1602 videbatur.
1112 1573 1150 1582 -
1168 1543 1240 1602 Noli
1262 1546 1354 1619 igitur

227 1664 291 1702 cum
314 1629 418 1721 Lipsio
445 1664 501 1722 pro
530 1641 665 1704 dicerem
694 1642 870 1719 „ducerem“
903 1645 1042 1705 scribere.
1097 1645 1262 1705 Nobiscum
1285 1647 1353 1706 fecit

225 1745 358 1820 Teuffel,
388 1747 465 1806 Mus.
488 1747 583 1806 Rhen.
612 1747 713 1820 XXX,
737 1769 766 1826 p.
793 1750 863 1806 319.
892 1775 935 1788 -
964 1749 1035 1807 215.
1070 1747 1101 1808 Si
1129 1767 1236 1808 versus
1265 1769 1352 1808 sanus

226 1854 279 1922 est,
304 1865 371 1908 esse
392 1844 472 1909 eniel
495 1895 501 1908 .
522 1895 529 1908 .
552 1869 608 1928 pro
632 1857 782 1927 anapaestc
812 1853 879 1909 erit.
925 1849 1038 1909 Ritech.
1062 1850 1204 1926 Pyladem
1234 1860 1351 1910 secutus

228 1971 307 2026 ,rem
331 1949 423 2010 honc“
450 1951 511 2025 ed.‚
540 1952 638 2012 Bentl.
671 1949 771 2026 ,esse“
805 1952 936 2025 delebat,
972 1952 1144 2013 Schneider.
1176 1959 1206 2012 et
1234 1955 1350 2013 Miller.

228 2051 351 2128 „hanc“.
382 2085 424 2094 -
453 2069 519 2114 rem
541 2055 663 2130 natam,
695 2055 731 2114 cl.
756 2055 854 2114 Oasin.
881 2057 950 2115 320.
996 2055 1116 2114 Trucul.
1141 2057 1213 2114 949.
1259 2057 1351 2134 Vulgo

225 2157 336 2216 dicitur
368 2177 403 2230 „e
425 2177 458 2216 re
480 2155 583 2234 nctc“,
608 2177 682 2234 „pro
704 2177 737 2216 re
759 2153 860 2217 nata“.
883 2187 927 2196 —
950 2159 1021 2217 217.
1045 2154 1126 2218 istoc
1147 2157 1245 2232 codd.,
1275 2158 1350 2235 qnod

224 2262 346 2320 fuerunt
368 2264 420 2337 qui
444 2261 647 2334 defenderent,
673 2262 760 2338 quasi
783 2259 820 2318 ad
843 2261 931 2319 istam
953 2280 1025 2333 rem,
1050 2261 1086 2320 cf.
1104 2261 1183 2318 infra
1207 2263 1278 2333 379,
1302 2260 1350 2320 sed

224 2362 272 2420 hic
290 2363 403 2422 nullum
422 2363 545 2422 verbnm
565 2369 678 2422 motum
691 2363 811 2436 indicet,
836 2383 927 2440 quare
941 2383 1007 2420 cum
1026 2363 1193 2421 Ritschclio
1212 2363 1260 2422 ed.
1271 2363 1350 2441 prin·

225 2465 319 2542 cipem
338 2471 455 2524 secutus
475 2461 547 2524 istic
565 2467 679 2543 scripsi,
704 2465 741 2523 cf.
758 2465 854 2539 ,Quid
872 2461 980 2524 istic?“
1006 2464 1085 2524 inira
1105 2467 1196 2524 1046.
1209 2495 1252 2506 -·-
1275 2479 1348 2525 acero

224 2586 278 2625 em.
298 2566 344 2625 ed.
368 2587 414 2644 pr.
437 2597 480 2608 —
504 2562 677 2645 Philippeo),
700 2568 760 2627 vid.
782 2569 821 2628 ad
842 2569 925 2628 Asin.
953 2569 1022 2626 152.
1041 2597 1084 2608 -
1104 2571 1175 2627 219.
1200 2562 1246 2627 El
1263 2563 1348 2626 miles

224 2663 370 2747 quidem?
403 2669 473 2728 Haec
500 2671 592 2729 verba
620 2671 703 2730 codd.
728 2672 806 2730 melo
833 2671 997 2730 Pistoclero
1026 2671 1211 2729 continuant.
1256 2671 1346 2728 lntcr·

223 2771 351 2846 rogandi
374 2774 490 2849 signnm
517 2774 689 2852 ponendum
719 2793 782 2833 csse
810 2774 887 2832 vidit
910 2773 1062 2832 Bentleius
1090 2772 1128 2831 ad
1151 2771 1219 2831 Ter.
1244 2773 1344 2830 Hecnt.

225 2854 301 2934 606:
330 2876 431 2948 ,mille
449 2895 602 2934 nummum
621 2878 727 2954 poscit.
762 2877 822 2936 CH.
846 2876 886 2934 Et
908 2879 1005 2953 poscit
1027 2870 1190 2954 quidem?“
1217 2905 1255 2915 -
1279 2873 1343 2933 220.

227 2973 288 3054 Qui
309 2979 476 3036 orationem
499 2979 536 3037 ab
558 2979 773 3038 interlccntcre
793 2980 994 3056 interruptam
1023 2979 1195 3051 continuat,
1230 2977 1288 3036 vid.
1309 2975 1344 3034 od

223 3082 330 3158 Amph.
348 3083 438 3155 1136.
462 3111 504 3121 -
527 3077 565 3141 de
586 3077 762 3142 amittanda
783 3076 953 3155 Bacchide,
976 3088 1012 3140 ut
1029 3080 1207 3140 Bacchidem
1232 3081 1344 3139 missam

222 3184 322 3242 iaciat.
341 3213 384 3225 -
401 3179 463 3255 him
487 3205 556 3243 num
582 3181 674 3258 „hoc“
701 3179 908 3242 scribendum?
932 3183 1072 3243 Bothius:
1099 3183 1218 3258 „hinc“.
1251 3183 1341 3241 Idem:

227 3283 381 3361 ,exiget“;
405 3279 493 3364 {quod
516 3288 616 3346 nescio
639 3307 678 3346 an
700 3287 903 3365 recipiendum
927 3290 975 3346 sit.
997 3317 1040 3326 —
1064 3289 1134 3346 221.
1158 3289 1342 3364 Anapaestico
1425 3281 1429 3294 ’

224 3390 346 3448 exordio
371 3389 474 3448 offensi
496 3389 661 3448 Hermann.
685 3389 720 3448 R.
743 3389 806 3448 Fi:
834 3389 1006 3463 ,Adueniet
1029 3411 1057 3467 q.
1081 3409 1111 3448 u.
1135 3409 1162 3450 a.
1186 3393 1232 3450 ita
1253 3409 1288 3447 ne
1308 3387 1343 3445 sit

115 3479 119 3484 ¹
223 3487 355 3550 moroe“.
390 3491 501 3568 Optat,
525 3501 560 3550 ut
583 3493 822 3569 quamprimum
844 3473 1342 3568 vemo13alquecla,ccei.e.et

223 3595 265 3651 ita
289 3595 418 3670 quidem,
442 3601 476 3652 ut
500 3614 547 3666 ne,
572 3595 608 3653 cf.
632 3595 670 3652 ad
693 3594 856 3670 caperer
882 3615 926 3672 sq.
950 3623 992 3636 -
1016 3597 1086 3654 222.
1111 3589 1249 3666 Domisl,
1272 3590 1342 3669 opud

222 3716 269 3754 mc
292 3703 338 3754 est
360 3717 414 3754 nec
432 3697 504 3755 foris
521 3703 634 3774 petam,
659 3696 695 3756 cf.
714 3698 794 3756 infre
812 3699 884 3757 362.
898 3700 970 3757 647.
1005 3698 1069 3762 Mil.
1086 3700 1144 3757 193
1163 3717 1208 3774 sq.
1242 3694 1340 3771 Amph.

225 3801 283 3859 631
310 3819 376 3858 cum
400 3806 500 3858 annot.
536 3800 622 3872 Quod
645 3807 743 3860 autem
761 3801 876 3878 syllaba
892 3803 991 3859 versui
1009 3800 1102 3873 deest,
1127 3800 1214 3859 Both.
1238 3815 1341 3874 ,neque

223 3898 297 3980 ego“
315 3903 457 3979 scripsit,
482 3902 516 3962 R.
544 3909 663 3976 ,metuo
684 3901 789 3964 mihi“.
815 3935 855 3945 —
879 3907 949 3963 224.
980 3897 1108 3977 curabO,
1133 3905 1197 3960 sinc
1221 3903 1337 3960 obiecto.

101 4023 102 4026 ’
222 4005 269 4064 Sic
292 4005 458 4076 Sallustius,
483 4005 547 4065 Cat.
570 4008 618 4079 59,
640 4005 673 4065 3:
713 4006 876 4078 „Manlium
899 4011 931 4065 in
954 4005 1075 4078 dextre,
1107 4003 1293 4064 Foesulannm
1313 4005 1339 4060 in

223 4110 345 4167 sinistra
367 4114 453 4184 parte
477 4129 582 4167 curare
604 4107 719 4182 iubet“,
743 4116 774 4168 et
797 4112 914 4186 saepius.

309 4213 379 4270 226.
414 4211 590 4286 Chrysalus,
609 4217 784 4288 postquem
813 4213 892 4270 intro
923 4211 997 4270 abiit
1019 4211 1217 4285 Pistoclerus,
1251 4227 1337 4269 secum

222 4313 345 4390 loquens
375 4313 433 4372 sibi
462 4313 594 4372 vindicat
621 4310 779 4390 neyolium
803 4311 979 4387 aurariam,
1013 4317 1033 4373 i.
1058 4335 1083 4373 e.
1107 4318 1260 4392 negotium
1281 4311 1337 4369 suri
