2928 5010
248 482 308 560 158
758 479 850 534 Plauti

708 667 907 734 Lorarius

245 774 330 842 Fiat.
374 774 554 844 Abscedite
576 775 667 857 hinc;
689 797 749 842 uos
771 775 990 844 concedamus
1011 776 1088 844 huc.

246 881 311 950 Sed
332 883 467 952 breuem
490 884 673 952 orationem
695 885 860 969 incipisse.

676 991 939 1060 Philocrates

244 1098 315 1180 Em,
337 1100 424 1166 istuc
446 1098 526 1166 mihi
548 1107 675 1168 certum
698 1108 779 1167 erat.
825 1101 973 1170 Concede
994 1101 1068 1193 huc.
1318 1117 1365 1174 211

712 1209 909 1278 Lorarius

245 1315 342 1383 Abite
364 1317 406 1383 ab
429 1317 511 1385 istis.

703 1424 914 1512 Tyndarus

563 1533 704 1601 Obnoxii
727 1534 825 1601 ambo

245 1641 349 1709 Uobis
373 1663 485 1710 sumus
508 1649 644 1728 propter
665 1644 752 1710 hanc
773 1665 853 1724 rem,
877 1665 985 1729 quom,
1009 1664 1093 1727 quae
1115 1642 1268 1710 uolumus
1289 1665 1357 1724 nos,

248 1749 382 1836 Copiaat
403 1749 424 1832 †
447 1770 486 1817 ea
507 1750 616 1817 facitis
638 1773 698 1818 uos
722 1757 892 1837 conpotes.

676 1855 940 1926 Philocrates

246 1966 367 2033 Secede
390 1967 455 2034 huc
477 1989 564 2034 nunc
585 1969 660 2049 iam,
686 1969 714 2034 si
735 1967 878 2048 uidetur,
901 1968 1024 2052 procul,

245 2075 294 2142 Ne
318 2075 434 2142 arbitri
458 2075 548 2142 diota
569 2083 683 2143 nostra
706 2075 861 2142 arbitrari
884 2083 1015 2160 queant,
1040 2106 1042 2110 ¹

244 2183 318 2250 Neu
340 2191 513 2269 permanet
534 2185 645 2269 palam
668 2184 751 2251 haec
773 2192 886 2250 nostra
907 2183 1051 2251 fallacia.

245 2291 331 2358 Nam
353 2291 420 2358 doli
442 2313 510 2359 non
532 2293 599 2358 doli
623 2299 708 2372 sunt,
733 2294 795 2359 etsi
818 2299 893 2359 astu
916 2291 1016 2372 colas,
1128 2354 1130 2356 ,

247 2399 313 2466 Sed
335 2400 457 2467 malum
478 2422 679 2482 maxumum,
703 2403 731 2467 si
753 2401 788 2467 id
809 2401 920 2486 palam
941 2400 1105 2485 prouenit.

245 2508 331 2574 Nam
360 2509 388 2575 si
416 2529 490 2574 erus
517 2509 597 2574 mihi
626 2530 661 2576 es
688 2515 726 2575 tu
749 2517 849 2595 atque
872 2530 932 2596 ego
954 2529 1005 2575 me
1027 2515 1122 2576 tuum
1143 2529 1218 2576 esse
1242 2529 1369 2576 seruum

963 2617 1135 2700 adsimulo,

246 2726 371 2792 Tamen
398 2727 472 2792 uiso
502 2733 615 2810 opust,
648 2731 778 2791 cautost
807 2746 903 2810 opus,
938 2731 976 2792 ut
1007 2725 1070 2792 hoc
1098 2725 1207 2793 sobrie
1238 2727 1367 2809 sineque

963 2834 1097 2900 arbitris
1322 2849 1369 2904 221

245 2942 413 3008 Adcurate
435 2948 564 3026 agatur,
588 2942 685 3008 docte
709 2948 742 3008 et
765 2941 949 3026 diligenter.

245 3050 352 3117 Tanta
373 3051 579 3135 inceptores
603 3057 668 3130 est3
691 3050 781 3116 haud
804 3049 1021 3118 somniculose
1043 3050 1106 3116 hoc

244 3159 461 3246 Agumdumst.

707 3266 919 3350 Tyndarus

505 3375 581 3454 Ero,
603 3382 641 3440 ut
662 3395 714 3440 me
736 3375 828 3440 uoles
853 3395 934 3440 esse.

677 3482 944 3549 Philocrates

966 3590 1078 3676 Spero.

707 3697 920 3784 Tyndarus

244 3807 330 3873 Nam
351 3814 389 3872 tu
411 3827 497 3872 nunc
520 3805 613 3873 uides
636 3815 778 3893 protus
801 3829 877 3874 caro
902 3808 1009 3892 capite

246 3914 366 3982 Carum
388 3913 506 3981 offerre
528 3936 577 3981 mc
600 3937 706 3982 meum
729 3923 830 4000 caput
851 3915 984 3982 uilitati.
1321 3931 1369 3985 220

312 4197 364 4249 214
381 4195 520 4264 incipesse
573 4196 623 4249 216
640 4195 779 4263 ammon
794 4195 889 4249 acrasi
906 4193 1028 4250 additur.
1079 4194 1131 4247 217
1148 4209 1269 4262 cumque
1319 4193 1364 4246 221

243 4278 322 4336 Neue
414 4281 465 4334 222
482 4285 548 4335 suut
565 4281 596 4334 ni
613 4284 676 4334 astu
772 4283 822 4336 226
838 4281 977 4336 Accurate
995 4279 1049 4334 hoo
1068 4281 1169 4348 agatur
1264 4276 1367 4334 227111·

244 4371 391 4434 coepturos
443 4367 494 4420 230
510 4382 556 4420 me
573 4379 622 4420 om.
