2916 5006
547 481 581 538 V.
602 483 745 539 too-805.
1144 491 1207 554 427

86 679 159 738 hune
180 679 277 738 lorum
299 677 433 752 hodene,
456 677 581 738 atinde
604 677 760 736 emendare
783 681 917 756 potuerit
934 679 980 739 ed.
998 700 1045 758 pr.
1067 709 1111 722 -
1133 681 1206 741 789.

88 781 197 854 „Senex
219 781 305 842 leetis
326 780 382 840 filii
403 782 514 840 litteria
536 779 656 838 domum
679 780 861 858 ingreditur,
895 787 930 842 ut
957 802 1060 844 servos
1091 789 1204 858 evocet,

39 935 42 942 .
85 885 131 958 qui
143 881 317 959 Chrysalum
329 885 469 957 vinciant,
490 881 737 960 quemadmodum
750 885 856 942 eratin
868 885 979 944 litteris
991 881 1155 962 seriptum“
1169 885 1203 945 L.

83 999 151 1044 exeo
173 982 217 1045 acl
238 986 276 1060 le,
305 985 361 1045 hoe
390 985 494 1044 ordine
524 984 658 1044 Guietna
687 1014 731 1026 -
759 988 831 1046 790.
864 987 902 1046 eet
927 983 1044 1062 tercie,
1078 989 1098 1046 i.
1122 1007 1147 1046 e.
1171 992 1205 1047 ut

82 1088 193 1146 nescire
212 1107 259 1146 me
282 1087 459 1148 arbitratur!
493 1088 561 1146 Non
583 1087 733 1146 intellexit
750 1087 872 1148 Becker.
891 1093 922 1149 in
935 1089 1067 1150 Studem.
1081 1089 1166 1150 Stnd.
1178 1089 1202 1164 Ι,

80 1209 108 1266 p.
131 1193 189 1250 261
212 1171 386 1268 ὀοπίςεηει
424 1191 483 1263 „At
511 1192 571 1248 seio
600 1209 687 1268 quem
715 1209 778 1248 rem
805 1188 920 1268 gerat“.
946 1221 984 1232 --
1014 1195 1085 1252 792.
1114 1187 1204 1254 Bene

81 1289 171 1352 nouis
196 1289 347 1370 agitatur.
381 1293 504 1352 Numeri
526 1292 663 1352 duriores
686 1297 765 1363 sunt,
794 1295 947 1352 eratenim
968 1313 1071 1354 verene
1095 1315 1112 1354 a
1133 1315 1202 1373 pro·
1245 1355 1252 1364 ,

81 1395 285 1454 celeusmatioo
314 1399 345 1454 et
371 1399 524 1473 anapesto
547 1395 654 1471 incipit
681 1399 733 1453 aut
758 1392 854 1454 nauis
881 1397 913 1454 in
941 1417 1030 1456 unam
1059 1398 1203 1474 syllabam

80 1497 280 1570 contrahitur,
304 1497 341 1556 de
364 1517 423 1574 qua
445 1517 478 1556 re
499 1517 527 1558 v.
550 1497 668 1572 Proleg.
692 1517 723 1574 p.
748 1499 819 1556 214.
866 1498 1054 1558 Hermannus
1077 1501 1203 1560 oonieoit

83 1595 230 1676 ,agitur“,
254 1619 355 1658 verum
383 1619 443 1658 non
472 1599 509 1658 de
536 1605 617 1659 reato
648 1601 732 1658 navis
761 1619 849 1659 cursu
876 1605 922 1658 est
943 1621 1054 1674 sermo,
1090 1602 1142 1661 aed
1164 1602 1201 1661 de

76 1699 243 1760 vehementi
272 1707 303 1759 et
331 1701 453 1761 turbido
481 1707 565 1760 motu
595 1703 658 1760 eive
686 1703 776 1760 remis
812 1695 899 1779 (Nep.
923 1701 990 1762 Dio.
1015 1706 1048 1778 9,
1073 1700 1105 1778 2)
1139 1706 1200 1764 eive

77 1804 154 1862 venti
178 1809 209 1861 et
231 1801 375 1864 fluctuum
397 1806 428 1862 vi
450 1803 564 1864 effecto.
615 1803 687 1862 Cum
716 1805 786 1862 naui
815 1805 893 1862 enim
916 1823 1014 1863 senem
1039 1811 1198 1884 comparat,

75 1923 135 1962 eum
158 1911 226 1964 rate
254 1925 284 1964 ee
312 1907 427 1983 ipsum,
460 1909 589 1983 navique
617 1907 659 1964 sie
687 1907 808 1980 agitatae
838 1909 881 1984 ait
908 1901 1020 1982 palere
1051 1901 1197 1983 conferat,

74 2008 93 2066 i.
115 2027 140 2066 e.
164 2007 335 2080 admoveri,
359 2011 465 2066 ratem.
510 2001 611 2068 Rates
634 2013 749 2080 autem,
772 2014 807 2066 ut
828 2007 923 2066 Varro
945 2007 980 2068 L.
1004 2008 1038 2068 L.
1063 2009 1133 2082 VII,
1158 2012 1196 2070 23

73 2112 217 2182 testetur,
250 2115 282 2168 et
303 2109 423 2170 Naevius
447 2115 477 2168 et
499 2111 645 2170 Pacuvius
671 2111 774 2188 „navia
796 2107 918 2186 longes¹⁴
950 2109 1098 2170 dixerunt.
1143 2111 1198 2170 Est

73 2213 163 2286 igitur
192 2212 223 2270 h.
254 2211 274 2270 l.
303 2211 405 2284 idem,¹
428 2211 508 2288 quod
540 2233 632 2290 supra
666 2215 726 2272 277
757 2231 821 2289 sqq.
852 2212 982 2285 lembus,
1016 2213 1198 2290 praedatoria

71 2315 217 2387 novioma,
240 2333 306 2390 quae
329 2316 497 2374 onerariam
520 2313 702 2392 aggreditur.

153 2418 228 2475 794.
256 2415 345 2476 Redit
366 2416 531 2477 Nicobulue
555 2437 621 2475 eum
643 2417 770 2489 lorariie,
794 2436 919 2494 quorum
941 2419 1106 2496 principem
1129 2411 1195 2478 Ar·

72 2518 195 2580 lamone
218 2519 390 2596 alloquitur.
424 2520 520 2580 Huius
542 2539 649 2580 nomen
666 2539 702 2578 ex
721 2539 754 2578 re
772 2519 893 2578 ductum
912 2525 966 2594 eet,
990 2541 1057 2580 nam
1075 2520 1194 2597 ἄρταμος

71 2621 148 2682 lanio
177 2625 233 2682 est.
292 2621 366 2681 Post
397 2617 446 2682 e'llt'
477 2623 577 2681 hiatus
609 2623 641 2680 in
675 2641 795 2682 casura.
845 2622 880 2682 R.
914 2619 1023 2694 „illio“.
1052 2653 1094 2664 -
1123 2625 1194 2682 798.

72 2723 179 2784 Versus
202 2724 279 2802 pede
306 2724 442 2798 brevior,
477 2729 512 2782 ut
540 2724 655 2801 aliquid
682 2724 828 2784 excidisse
856 2731 1011 2802 appareat.
1068 2725 1195 2802 Pylades

70 2845 130 2888 voe.
166 2824 279 2900 „male“
313 2847 350 2886 ex
377 2829 515 2905 proximo
544 2847 632 2886 versu
660 2827 717 2886 hue
746 2829 872 2886 retraxit
900 2829 1057 2904 utriusque
1080 2829 1195 2886 vitiatis

71 2932 216 3002 numeris;
244 2930 351 2988 melius
374 2929 487 2988 Ritseh.
516 2927 646 3002 „seelus“
671 2935 741 3006 post
767 2926 836 3002 ,‚tu“
863 2929 997 3002 addidit3
1032 2930 1082 2988 sed
1106 2933 1196 2988 etiam

54 3032 130 3090 'elia
153 3034 281 3108 eogitari
303 3037 438 3110 possunt,
462 3032 558 3090 velut:
592 3033 813 3109 „loquitatusne
837 3052 867 3090 es
892 3029 1034 3090 dudum“.
1059 3061 1101 3071 -
1124 3034 1195 3091 799.

68 3149 124 3210 per
145 3149 330 3208 emmonem,
354 3138 435 3194 inter
456 3134 695 3211 colloquendum.
714 3164 756 3174 -
774 3136 845 3194 801.
869 3134 942 3192 Post
964 3129 1197 3211 sycophantiam

72 3236 185 3310 hiatue;
221 3237 322 3296 Herm.
351 3237 386 3296 R.
410 3236 456 3296 Fl.
484 3241 601 3314 transp.
635 3235 716 3309 „dixi
742 3232 850 3308 iatue“,
885 3235 1005 3295 Miller.
1036 3235 1140 3312 „Egon
1170 3236 1210 3294 ei·

71 3337 179 3400 ietue“.
203 3370 247 3380 -
270 3341 341 3400 804.
364 3334 438 3415 Em,
462 3342 481 3398 i.
506 3360 530 3399 e.
555 3360 600 3412 en,
623 3359 651 3398 v.
676 3337 714 3396 sd
736 3337 845 3415 Amph.
869 3340 941 3398 771.
986 3337 1073 3396 Both.
1096 3337 1132 3396 R.
1150 3337 1196 3396 Fl.

75 3441 155 3514 ,En“
182 3449 381 3520 reposuerunt
407 3443 506 3501 hiatus
536 3441 652 3500 vitandi
681 3461 778 3500 eausa.
812 3469 854 3480 -
882 3433 968 3516 Aha,
1003 3439 1083 3517 quod
1113 3437 1197 3500 oodd.

72 3551 205 3604 extremo
227 3547 327 3603 versui
349 3545 532 3622 adiungunt,
567 3544 655 3604 Both.
678 3543 840 3602 Hermann.
863 3542 898 3602 R.
923 3543 967 3602 Fl.
992 3544 1022 3600 iu
1050 3543 1198 3620 principio

71 3643 207 3726 proximi
227 3653 390 3724 posuerunt
413 3644 462 3721 (oi.
490 3645 610 3720 „Euax“
636 3667 664 3706 v.
689 3641 764 3721 721)
787 3646 830 3704 ite
852 3651 886 3703 ut
913 3641 996 3718 „Ah“
1022 3645 1197 3716 seriberent,

73 3757 101 3808 at
124 3753 297 3810 omitterent
320 3769 384 3810 voe.
407 3745 479 3810 lam.
524 3749 672 3825 Equidem
700 3751 936 3808 interiectionem
966 3753 1018 3808 aut
1040 3747 1198 3808 deleverim

73 3859 125 3912 aut
158 3859 243 3911 extra
275 3871 412 3911 numeros
445 3853 711 3931 pronuntiaverim.
742 3880 784 3890 -
820 3853 891 3910 805.
926 3845 1199 3926 Bellerophontem
1265 3863 1275 3882 ·

72 3976 102 4014 se
125 3957 236 4014 laetum
260 3975 324 4014 esee
348 3955 428 4028 dicit,
452 3973 541 4032 quem
563 3953 672 4012 fabula
695 3954 859 4014 narrabant
881 3953 1024 4012 eProeto
1043 3952 1198 4011 Corinthio

72 4059 103 4117 in
136 4058 258 4135 Lyciam
291 4055 404 4116 Iobatee
442 4059 505 4134 regi
545 4056 701 4133 epistolam
742 4056 895 4128 attulisse,
935 4057 966 4113 in
999 4074 1058 4131 que
1092 4059 1198 4126 essent,

72 4166 196 4239 propter
225 4180 290 4237 quas
319 4180 351 4218 se
377 4161 579 4231 interimeret,
611 4180 638 4216 v.
663 4158 751 4219 Hom.
774 4159 809 4218 Il.
835 4160 863 4231 6,
890 4161 949 4218 168
980 4177 1024 4232 aq.
1048 4159 1144 4230 ιιέμπε
1172 4155 1201 4212 δέ

73 4285 117 4336 μιν
139 4263 279 4334 Λυκίηνὸε,
307 4265 390 4339 πόρεν
420 4262 444 4318 δ’
473 4264 520 4340 ὅγε
548 4264 654 4337 σήματα
685 4263 773 4338 λυγρὰ
793 4263 907 4338 γράψας
928 4267 957 4318 ἐν
979 4263 1072 4318 πίνακι
1095 4259 1201 4333 πτυκτῷ

73 4368 251 4443 θυμοώόρα
268 4368 364 4423 πολλὰ.
397 4365 443 4424 Ex
460 4365 668 4424 Plautionrum
685 4363 772 4424 codd.
786 4359 936 4440 scripture
947 4362 1072 4435 Ritsch.
1091 4361 1200 4420 Priscae
