2932 5010
257 553 320 616 324
376 570 383 584 ·
741 549 892 604 Aulularia.

254 762 391 804 nummus
412 742 623 821 intelligendus
645 749 699 803 est.
755 743 825 804 Hec
846 744 972 804 Athenis
995 743 1136 804 drachma
1157 748 1220 815 esi,
1246 747 1278 801 eh
1297 741 1370 820 apud

256 845 374 906 Terent.
398 847 430 904 in
452 845 612 905 Heautonh.
635 847 736 904 eadem
758 847 889 922 pecunias
912 867 1025 906 summa
1046 867 1074 906 r.
1088 848 1148 906 606
1174 846 1275 919 „mille
1295 864 1370 904 num·

255 946 353 1006 mum“
385 953 416 1008 ei
446 949 505 1008 636
539 951 644 1021 „minae
673 945 791 1008 decem“
826 946 946 1008 dicitur.
1002 947 1062 1008 Sed
1088 947 1261 1025 AEginetica
1293 950 1370 1016 ratio,

255 1071 344 1129 qnam
367 1055 398 1110 ei
414 1049 561 1110 Corinthii
584 1055 615 1109 et
631 1051 777 1126 Corcyrei
799 1056 830 1110 ei
851 1051 945 1112 Italis
967 1051 1032 1110 fere
1054 1051 1157 1128 populi
1179 1049 1372 1127 sequebantur

255 1173 309 1212 nec
331 1153 563 1214 Atheniensibus
585 1154 659 1230 ipsis
681 1153 928 1229 ignotamfuisse
951 1173 1043 1231 supra
1065 1153 1103 1212 ad
1120 1173 1148 1212 r.
1161 1155 1221 1214 301
1243 1151 1372 1222 vidimus,

254 1255 334 1314 haud
356 1255 446 1333 paulo
469 1257 564 1315 maior
585 1257 651 1328 fnit,
674 1257 719 1314 ita
739 1261 774 1314 ui
791 1277 843 1315 sex
860 1256 965 1316 obolos
983 1255 1134 1333 AEginascs
1152 1255 1256 1314 decem
1266 1257 1374 1312 Atticos

257 1377 389 1434 aequasse
401 1358 482 1416 dicat
493 1357 602 1416 Pollux
613 1357 664 1430 IX,
679 1361 718 1418 76
733 1356 912 1433 (accuratius
926 1362 1017 1431 5=7,
1030 1379 1058 1417 v.
1070 1357 1208 1416 Hultsch.
1221 1356 1373 1432 Mehelog.

255 1480 285 1537 p.
312 1457 395 1535 134).
451 1461 587 1536 AEginue
618 1462 713 1534 igitur
742 1459 883 1520 drachma
909 1461 989 1538 apud
1017 1461 1216 1520 Athenienses
1247 1461 1374 1535 aliosque

257 1567 361 1634 παχεῖα
382 1561 602 1640 appellabatur,
631 1561 710 1638 apud
731 1563 851 1622 Italicos
875 1571 976 1622 autem
997 1583 1178 1635 nummus,
1208 1563 1292 1639 quod
1313 1563 1375 1621 Ari-

257 1665 380 1724 stoteles
395 1666 427 1722 in
443 1665 672 1724 Tarentinorum
690 1685 722 1723 re
733 1665 853 1742 publice
863 1671 991 1725 testatus
1004 1671 1076 1737 ersi,
1100 1669 1250 1722 καλεῖσθαι
1261 1666 1374 1740 νόμισμα

257 1769 322 1844 παρ’
345 1768 436 1833 αὐτοῖς
461 1769 595 1842 νοῦμμαν,
633 1768 673 1840 ἐφ’
697 1759 729 1826 cel
755 1771 958 1826 ἐντετυπῶσθαι
983 1771 1109 1844 Τάραντα
1135 1770 1182 1825 τὸν
1210 1767 1377 1832 Ποσειδῶνας

257 1871 360 1943 δελφῖνι
382 1871 566 1944 ἐπαχούμαναν
590 1868 678 1943 (Poll.
690 1871 743 1942 IX,
763 1869 827 1944 80),
851 1891 911 1948 quo
934 1872 1032 1930 nullus
1053 1872 1152 1930 notior
1174 1876 1221 1930 esi
1243 1872 1375 1946 antiquo·

256 1993 322 2030 rum
345 1991 532 2032 nummorum
561 1972 711 2032 studiosis.
763 1973 848 2032 Hunc
877 1975 971 2047 igilur
998 1973 1121 2032 Plenius
1150 1972 1329 2050 significavit
1351 1979 1377 2029 et

257 2075 286 2134 h.
310 2075 329 2132 l.
354 2081 384 2133 et
406 2075 495 2152 Epid.
521 2079 569 2134 55.
595 2075 665 2134 366.
691 2077 761 2134 690.
796 2075 886 2136 Most.
912 2078 982 2135 360.
1016 2075 1188 2134 6106316.
1214 2077 1286 2133 287.
1311 2075 1377 2132 529.

257 2175 364 2235 Pseud.
388 2175 440 2236 l.l.
463 2175 547 2236 Pers.
569 2178 618 2236 37.
637 2176 708 2236 438.
728 2179 799 2238 840.
835 2177 911 2238 Rud.
934 2179 1023 2236 1323.
1058 2177 1226 2236 Tricam.
1261 2175 1377 2236 Trucnl.

260 2281 336 2340 559:
369 2279 425 2354 „de
448 2281 528 2338 mine
549 2300 610 2338 uua
631 2279 766 2339 deminui.
783 2280 872 2340 modo
894 2267 1026 2358 huicque
1049 2299 1199 2352 nummos;
1235 2279 1310 2337 mihi
1332 2279 1379 2337 de-

257 2384 340 2439 traxi
361 2387 477 2458 partem
499 2379 751 2453 Herculaneam“;
775 2403 888 2459 exque
911 2383 977 2441 loco
1001 2384 1053 2459 qni
1075 2387 1212 2440 accurate
1235 2384 1380 2440 rationem

259 2484 379 2559 exigere
400 2484 492 2556 velitp
516 2503 667 2542 nummum
689 2484 839 2560 ὀίὁραχμαν
861 2485 953 2544 fuisse
976 2483 1091 2542 efficere
1114 2485 1219 2559 possit,
1245 2485 1379 2559 quonism

259 2583 398 2642 Herculis
427 2605 496 2662 pars
518 2584 634 2642 decima
655 2605 719 2644 esse
743 2587 851 2658 soleam
885 2585 937 2645 sed
964 2588 1053 2644 nimis
1075 2584 1182 2662 putide
1204 2586 1285 2644 foret
1307 2587 1381 2643 eius·

260 2685 342 2744 modi
363 2689 555 2764 computatio.
579 2715 621 2726 —
642 2683 818 2762 mercedest,
848 2689 868 2747 i.
892 2709 917 2746 e.
941 2687 1083 2746 mercedis
1106 2693 1164 2760 eei,
1188 2689 1298 2766 scripsi
1320 2705 1382 2746 cum

259 2788 367 2848 Boihio
396 2793 426 2846 et
453 2791 645 2866 grammatica
672 2795 703 2849 et
736 2793 861 2850 metrica
892 2792 1008 2850 racione
1036 2789 1219 2848 iubentibus.
1266 2789 1380 2848 Miller.

259 2891 379 2950 maluit:
423 2887 523 2968 „[pro]
555 2893 690 2950 mercede
719 2891 844 2970 opust“;
878 2892 930 2952 sed
953 2893 1045 2970 magis
1068 2891 1245 2951 Plautinum
1267 2892 1383 2950 ridetur

265 2993 397 3066 „medico
419 2989 561 3052 merces“.

345 3097 418 3156 441.
441 3095 571 3170 Congrio
587 3095 719 3156 nondum
736 3095 819 3169 abiit,
844 3116 935 3174 quum
951 3095 1056 3155 Euclio
1074 3095 1172 3168 ollem,
1198 3115 1289 3172 quem
1308 3094 1384 3152 domi

259 3198 375 3272 effodit,
399 3197 453 3256 sub
476 3198 569 3274 pallio
591 3205 712 3275 gestans
734 3203 806 3258 exit.
840 3193 910 3258 Hoc
927 3200 978 3270 ait,
1002 3200 1193 3270 isaurum,
1218 3217 1252 3255 se
1270 3215 1386 3273 semper

261 3320 360 3360 secum
371 3301 629 3372 circumlatumm3
653 3299 689 3358 cf.
702 3301 774 3360 456.
808 3299 881 3360 Posi
896 3315 1017 3378 quoquo
1034 3301 1142 3371 malus,
1166 3301 1253 3358 cuius
1272 3296 1386 3359 vitandi

261 3421 352 3461 causa
369 3403 421 3460 clii
436 3398 614 3480 „quoqnod“
630 3402 774 3474 scribunt,
797 3403 849 3462 elii
869 3399 984 3476 „nunc“
1006 3409 1076 3462 anie
1092 3400 1243 3475 „mecum“
1264 3401 1387 3464 addunt.

262 3505 313 3562 alii
334 3503 426 3582 „ego“
442 3509 511 3562 ente
527 3499 625 3578 „ibo“‚
649 3504 730 3580 quod
746 3504 856 3582 probel
867 3504 987 3564 Miller.
1000 3503 1045 3564 Pl.
1058 3504 1107 3563 Pr.
1119 3525 1150 3582 p.
1164 3507 1245 3576 755;
1268 3502 1389 3578 Bergk..

261 3605 400 3684 Beilruge
433 3627 487 3666 aur
514 3607 567 3666 lat.
595 3605 696 3666 Gram.
725 3607 754 3680 Ι,
782 3627 813 3685 p.
837 3609 877 3666 76
914 3601 1162 3684 „quoquomque“
1197 3605 1390 3666 scribendum

261 3714 371 3768 censet.
393 3709 537 3790 --44661
564 3705 654 3768 istud
673 3709 746 3769 ferri
769 3710 886 3786 nequit,
921 3710 1065 3786 quoniam
1092 3727 1188 3786 nuper
1217 3709 1256 3768 de
1286 3707 1391 3767 eadem

260 3829 293 3868 re
319 3807 409 3882 „hoc“
434 3812 553 3885 legitur.
587 3811 668 3871 Brix.
691 3817 723 3870 ei
744 3812 851 3890 Wagn.
875 3807 980 3885 „istic“
1006 3810 1132 3883 emend„
1157 3810 1298 3887 Seyffert.
1323 3827 1392 3886 pro·

135 3933 142 3948 ·
260 3914 329 3991 pius
351 3912 389 3971 ad
418 3913 503 3972 codd.
531 3915 600 3986 „isti
628 3910 696 3987 id“;
724 3911 781 3976 isli
808 3935 864 3992 pro
890 3911 1006 3988 „isiic“‚
1035 3919 1070 3973 ui
1096 3912 1177 3986 „illi“
1203 3933 1260 3990 pro
1285 3907 1387 3988 „inid

261 4012 303 4089 (r.
326 4014 365 4073 ad
386 4015 494 4094 Amph.
519 4015 604 4090 245),
627 4017 663 4076 cf.
687 4017 773 4077 Cure.
797 4019 869 4076 434.
913 4017 1004 4077 Most.
1030 4019 1121 4076 1125.
1162 4015 1390 4076 616257.-

262 4119 334 4177 443.
368 4112 417 4178 Ite
444 4118 516 4178 olim
545 4119 745 4179 emendatum.
774 4149 816 4160 -
849 4134 934 4180 nuuc
959 4115 1037 4191 ium,
1072 4139 1100 4178 r.
1131 4118 1169 4178 ad
1199 4117 1309 4194 Amph.
1335 4115 1390 4180 36;

261 4219 298 4278 cl.
327 4219 447 4281 Miller.
474 4221 520 4281 Pl.
550 4221 600 4280 Pr.
630 4241 659 4298 p.
692 4223 763 4282 367.
793 4221 949 4293 -·Quod
976 4221 1056 4280 idem
1078 4220 1113 4280 V.
1142 4220 1179 4281 D.
1209 4223 1241 4279 in
1274 4214 1389 4291 „Nech-

261 4320 365 4396 irlige“
397 4343 428 4400 p.
453 4323 492 4381 86
524 4319 620 4397 „iam“
655 4323 693 4383 ad
721 4325 840 4384 initium
873 4325 1002 4401 proximi
1033 4341 1138 4382 versus
1173 4319 1264 4396 (444)
1293 4327 1387 4378 mm

261 4421 323 4482 fert
357 4420 456 4498 („lam
485 4423 625 4501 etiam“)‚
659 4426 772 4485 nnllam
799 4428 863 4485 veri
891 4425 1116 4485 similitudinem
1143 4424 1247 4498 habet,
1282 4437 1385 4499 quam·
