2928 5010
99 535 152 606 lv,
163 539 191 607 8,
201 538 308 593 47-68
596 538 758 594 Bacchides.

99 725 181 806 Qua
203 725 338 810 quidem
358 731 392 792 ie
414 723 542 806 faeiem,
566 728 593 792 si
616 733 652 793 iu
675 749 727 794 me
748 728 948 808 inritaueris,

100 834 349 902 Gonfossiorem
371 835 513 901 soricina
533 836 640 900 nenia.

100 944 176 1010 Iam
201 944 325 1009 dudum
347 943 457 1009 herole
481 943 630 1026 equidem
654 944 768 1023 sentio,
790 945 931 1030 suspicio
1013 978 1015 982 ·
1185 963 1235 1018 885

99 1053 199 1133 Quae
222 1060 256 1118 ie
280 1052 450 1118 sollieitet:
475 1073 547 1118 eum
571 1071 645 1118 esse
668 1072 741 1116 oum
763 1051 822 1118 ille
844 1051 989 1120 muliere.

541 1193 804 1260 Cleomachus

98 1305 212 1370 Immo
236 1309 287 1369 esi
309 1324 450 1388 quoque.

562 1407 784 1494 Chrysalus

480 1518 534 1582 Ita
557 1539 607 1584 me
630 1518 788 1603 Iuppiter,
811 1518 902 1599 Iuno,
927 1516 1032 1598 Ceres,

100 1631 269 1708 Minerua,
294 1627 385 1713 Spes,
409 1627 546 1706 Latona,
570 1626 659 1712 opis,
682 1625 806 1704 Uirtus,
831 1625 949 1706 Uenus,

99 1737 235 1810 Castor,
258 1735 417 1816 Polluces,
441 1734 539 1814 Mare,
562 1733 754 1814 Mercurius,
777 1733 945 1814 Hercules,

102 1847 315 1924 SummanuS,
339 1843 403 1923 Sol,
428 1842 587 1909 Saturnus
611 1842 708 1925 dique
732 1863 844 1908 omnes
867 1849 987 1917 ameni,
1186 1861 1237 1914 890

102 1953 152 2020 Ut
174 1953 233 2019 ille
256 1973 330 2018 oum
351 1952 410 2018 iile.
432 1971 537 2036 neque
561 1950 663 2016 cubet
684 1969 791 2035 neque
814 1949 964 2016 ambulat

100 2064 225 2147 Neque
250 2061 416 2128 osculatur
438 2079 546 2144 neque
567 2057 650 2124 illud
672 2057 692 2138 †
715 2057 803 2143 quod
827 2057 890 2123 diei
913 2057 1004 2124 solet.

562 2199 789 2267 Nicobulus
818 2247 820 2250 -
936 2215 937 2218 ’

101 2312 152 2379 Ut
174 2311 281 2377 iurati
328 2309 446 2377 Seruat
469 2331 520 2376 me
542 2309 598 2375 ille
623 2310 691 2376 suis
714 2309 877 2393 periuriis.

541 2451 805 2517 Cleomachus

101 2564 174 2631 Ubi
197 2583 285 2628 nono
308 2560 527 2628 Mnesilochus
551 2559 682 2644 ergoet?

562 2701 783 2788 Chrysalus

725 2811 795 2876 Rus
818 2809 908 2876 misit
929 2816 1034 2894 poter.
1079 2849 1081 2853 ,

102 2924 169 2990 Illa
193 2928 305 2987 eutem
327 2920 361 2985 in
385 2940 494 2986 arcem
517 2919 601 2984 abiit
624 2907 740 2983 eedem
761 2919 869 2984 uisere
1187 2935 1240 2990 895

102 3032 294 3110 Mineruae3
316 3049 403 3094 nuno
426 3033 593 3114 apertost;
614 3028 635 3106 i,
657 3027 738 3106 uise,
761 3034 854 3092 estne
877 3026 934 3092 ibi.

481 3177 484 3184 '
537 3167 809 3235 Cleomachus

105 3283 200 3350 Abeo
225 3280 268 3346 ad
290 3279 397 3346 forum
419 3279 529 3364 igitur.
589 3369 593 3374 .

560 3385 784 3471 Chrysalus

569 3493 631 3560 Uel
654 3499 687 3559 iu
709 3493 818 3559 hercle
840 3495 875 3558 in
896 3493 1018 3558 malem
1041 3513 1180 3559 erucem.

534 3625 803 3692 Cleomachus

106 3740 215 3806 Hodie
239 3736 367 3820 exigam
388 3756 504 3800 aurum
526 3735 597 3801 hoc.

559 3864 782 3950 Chrysalus

641 3973 743 4056 Exigo
766 3993 805 4038 ao
826 3969 986 4054 suspende
1007 3976 1050 4048 ie,

108 4088 157 4153 Ne
180 4085 366 4170 supplicare
389 4102 524 4147 censeas
546 4102 615 4161 ooo,
638 4081 731 4146 nihili
753 4080 861 4145 homo.
883 4114 927 4124 -
1005 4133 1007 4139 .

133 4259 302 4268 ἡκ...-
312 4257 331 4263 .-

106 4379 110 4392 .
178 4341 229 4394 887
246 4343 289 4393 esi
306 4354 350 4393 om
366 4337 394 4392 B
480 4339 531 4392 888
548 4337 644 4391 letone
661 4353 724 4406 spes
811 4351 879 4404 opes
896 4335 924 4390 B
1007 4335 1059 4388 890
1075 4331 1232 4386 Submanus

107 4426 162 4479 899
179 4425 352 4479 auscultatur
420 4425 470 4478 897
489 4423 582 4492 igitur.
603 4421 670 4476 Nlc.
689 4421 741 4476 Uel
759 4421 852 4476 hercle
921 4421 972 4476 899
989 4435 1041 4474 nos
1060 4434 1111 4475 om.
