2932 5010
464 587 472 608 .
573 545 605 601 V.
624 549 768 602 ter-764.
1171 557 1232 618 357

103 740 164 799 ad.
190 742 262 800 490.
293 771 336 780 —
365 741 436 799 751.
471 737 536 800 iam
564 742 734 800 emendavit
755 741 836 800 Brix.
881 743 964 801 Idem
994 743 1094 816 „illam
1117 743 1231 805 meam“

105 843 266 917 scribebat,
290 863 327 902 ne
349 862 453 902 versus
473 843 590 903 dioeresi
611 851 734 903 careret.
747 875 788 884 —
802 847 873 904 752.
897 840 975 904 Nisi·
992 841 1233 926 refert,.inquit,

105 942 194 1023 quod
213 942 416 1022 surn'qmisti,
440 945 469 1006 te
491 943 534 1006 ad
546 947 717 1022 praetorem
738 943 876 1023 rapiam,
900 948 962 1007 haeo
984 969 1044 1007 nna
1067 952 1233 1010 enuntiatio

105 1055 153 1106 est
185 1049 411 1108 interlocutoria
449 1049 548 1108 verbis
588 1070 648 1108 non
685 1049 820 1122 turbata,
859 1071 887 1110 v.
924 1050 962 1108 ad
995 1053 1103 1129 Amph.
1141 1055 1231 1113 1136.

103 1151 234 1228 Antiqui
257 1156 443 1210 enarratores
467 1171 558 1228 quum
579 1172 738 1230 perperam
761 1153 950 1230 aposiopesin
967 1153 997 1212 h.
1009 1154 1030 1213 l.
1049 1156 1233 1230 statuissent,

104 1252 262 1312 Acidaliae
289 1255 457 1330 proximum
485 1274 604 1313 versum
632 1255 702 1314 huic
731 1255 969 1332 anteponendum
993 1259 1119 1330 censuit,
1155 1257 1235 1335 qnod

106 1361 138 1412 et
171 1359 236 1431 ipse
269 1357 394 1415 fortasse
427 1357 613 1433 praferrem,
645 1360 747 1432 siper
771 1356 855 1416 codd.
879 1357 991 1418 liceret.
1015 1389 1058 1399 —
1086 1361 1157 1419 753.
1181 1355 1237 1420 Ad

100 1458 273 1532 prcetorem
299 1473 427 1534 raptim
461 1462 493 1518 in
528 1462 574 1518 ius
604 1479 710 1536 rapere
739 1463 800 1516 tam
834 1459 973 1519 Romanis
1006 1481 1095 1538 qnam
1124 1460 1234 1521 Graecis

104 1561 240 1620 moribus
279 1563 433 1634 convenit;
473 1561 525 1620 sed
560 1561 640 1640 apud
679 1567 837 1638 praetorem
882 1561 1046 1622 Romanum
1084 1584 1132 1623 res
1172 1565 1235 1624 fere

104 1663 268 1738 sponsione
295 1666 352 1722 'aut
385 1665 444 1721 alia
474 1663 603 1741 quadam
631 1664 759 1721 formula
790 1663 948 1740 agebatur,
983 1664 1079 1724 Greci
1114 1668 1234 1744 scriptis

103 1765 220 1823 libellis
242 1765 405 1824 utebantur
439 1764 526 1841 (δίκην
547 1768 662 1844 γράφειν
685 1785 707 1824 s.
730 1763 915 1842 γράφεσθαι).
971 1767 1078 1844 Itaque
1107 1767 1234 1828 Romani

104 1872 207 1946 poetae
236 1868 268 1926 in
289 1867 345 1926 hac
367 1889 400 1928 re
422 1868 557 1928 Graecum
580 1887 686 1927 nomen
709 1865 962 1944 dirumperent,
987 1889 1015 1929 r.
1041 1869 1131 1929 Poen.
1157 1873 1233 1931 803:

108 1969 204 2044 ,Cras
227 1969 410 2032 subscribam
432 1972 545 2030 homini
568 1968 693 2029 dicam“.
733 1970 800 2028 Ter.
824 1971 942 2030 Phorm.
970 1973 1039 2031 127.
1066 1975 1136 2032 329.
1162 1975 1233 2032 668.

104 2072 166 2132 Oia.
194 2072 276 2133 Verr.
299 2073 338 2147 H,
365 2076 412 2148 15,
438 2075 486 2134 37.
510 2105 553 2115 —
580 2075 651 2133 754.
677 2067 829 2148 Sabaea?
851 2071 865 2130 Ι
888 2075 1038 2151 ceterique
1061 2074 1233 2148 deteriores,

104 2181 199 2235 recte.
223 2203 266 2216 -·-
288 2169 406 2236 amabit
432 2176 503 2234 olim
530 2175 726 2236 emendatum.
771 2175 844 2233 Tam
873 2181 971 2234 certus
995 2181 1055 2249 est,
1090 2195 1156 2234 eum
1178 2176 1235 2235 hoc

103 2281 191 2349 scire,
216 2284 263 2349 ut,
286 2279 312 2336 si
333 2281 462 2352 nesciat,
485 2279 565 2338 Iovis
593 2279 621 2337 ei
649 2297 779 2338 amorem
809 2283 909 2356 optet;
945 2278 1085 2337 solemnis
1109 2277 1230 2337 iurandi

104 2381 246 2440 formula.
270 2410 311 2420 -
334 2383 405 2442 755.
435 2382 604 2457 Lyconides
636 2381 760 2455 ,Nescio
782 2375 935 2458 profecto“
966 2382 1067 2457 inquit
1101 2381 1177 2455 „nisi
1198 2385 1234 2439 tn

105 2485 181 2543 mihi
216 2479 360 2542 dixeris“.
399 2515 442 2524 —
480 2487 551 2543 758.
590 2481 687 2543 immo
721 2481 851 2542 secundo
879 2483 945 2542 loco
977 2483 1111 2561 positum
1144 2483 1235 2543 semel

104 2591 257 2665 praterea
278 2587 405 2645 inveniri
426 2585 554 2660 videtur,
578 2585 663 2663 Capt.
688 2587 766 2645 353:
804 2583 951 2663 ,Optume
973 2581 1094 2644 immo“.
1125 2584 1234 2660 Wagn.

104 2719 150 2729 —
174 2689 246 2748 759.
280 2703 378 2764 acque
405 2684 470 2748 scio
492 2705 548 2748 ricc
568 2685 659 2763 noui,
694 2689 730 2748 cl.
753 2687 818 2746 Mil.
844 2689 921 2747 454:
960 2707 1072 2765 ,neque
1101 2707 1156 2747 uos
1184 2689 1236 2765 qni

105 2793 243 2850 homines
265 2791 331 2850 sitis
352 2793 423 2849 noni
446 2811 541 2868 neque
563 2787 656 2850 scic“.
680 2821 723 2831 -
746 2805 783 2850 ecc
800 2793 860 2850 iam
880 2793 912 2848 in
930 2790 1016 2850 codd.
1036 2790 1258 2849 emendatum.-

108 2888 297 2966 abstaleraa,
322 2894 358 2952 cf.
382 2893 419 2952 ad
442 2894 548 2970 Amph.
565 2895 634 2952 379.
658 2924 700 2932 -
723 2895 794 2953 760.
821 2888 986 2953 dimidiam
1002 2893 1129 2967 portem
1151 2887 1234 2952 diui-

106 2994 190 3069 dam,
214 3017 242 3055 v.
263 2996 300 3056 ad
316 2997 530 3074 Amph.1141.
551 3025 592 3036 -
615 2997 686 3054 761.
712 3010 764 3054 ero
785 2992 877 3073 fuero
899 2995 924 3053 B
947 2999 978 3053 et
994 2993 1030 3068 D,
1053 2996 1073 3052 i.
1087 3015 1111 3052 e.
1134 2988 1234 3069 fano,

105 3099 191 3177 qnod
208 3099 358 3172 librarius,
382 3119 472 3175 quum
500 3119 599 3157 errore
621 3095 708 3171 „ero“
734 3099 913 3174 scripsisset,
936 3099 1039 3155 statim
1057 3097 1234 3172 adscripsit3

105 3203 144 3260 de
168 3202 264 3260 futuri
286 3202 384 3261 forma
406 3201 442 3260 cf.
466 3201 504 3259 ad
529 3203 598 3259 562.
644 3199 703 3259 Sed
724 3205 852 3278 propter
873 3198 951 3256 hunc
975 3217 1108 3257 errorem
1130 3217 1235 3258 versus

104 3305 227 3379 longior
254 3303 350 3362 iactus
377 3323 478 3363 vocem
514 3309 678 3362 extremam
713 3301 861 3380 perdidit,
896 3321 985 3378 quarn
1017 3297 1109 3361 modo
1142 3300 1235 3359 inisse

103 3409 276 3485 suspicatus
293 3425 366 3466 sum.
400 3405 574 3484 Superiores
592 3409 710 3464 retento
720 3425 784 3465 voc.
800 3401 900 3478 „ero“,
919 3403 1046 3462 alterum
1064 3407 1234 3476 mutsrnnt3

104 3509 284 3570 emendator
317 3509 381 3568 cod.
411 3509 436 3568 B
465 3505 477 3567 i
504 3529 558 3585 pro
587 3506 609 3587 f
631 3511 759 3586 scripto:
796 3507 834 3581 ,1
867 3527 955 3578 uero,
989 3503 1099 3580 reier“‚
1134 3511 1165 3565 st
1193 3507 1236 3565 sie

103 3613 274 3672 Francken.
326 3611 341 3668 I
368 3616 398 3668 et
430 3612 567 3689 plerique
595 3610 680 3671 codd.
704 3615 736 3670 st
763 3609 846 3670 edd:
896 3609 1060 3683 „Molestus
1095 3629 1155 3668 non
1185 3627 1237 3668 ero

103 3716 184 3787 iuri,
208 3712 315 3772 reier“.
361 3713 452 3773 Weis.
480 3713 643 3786 „Molestus
665 3734 726 3774 non
748 3733 809 3772 ero.
842 3713 913 3785 Fur,
937 3713 956 3786 i,
980 3707 1087 3772 reier.“
1132 3711 1234 3772 Gertz.

108 3836 193 3893 „non
216 3835 270 3894 ego
292 3811 395 3874 suero“
420 3817 559 3877 malebat.
581 3847 625 3856 —
650 3818 721 3876 763.
745 3809 804 3876 ΒΘ
820 3811 885 3877 alia
909 3835 975 3874 cnm
1000 3814 1085 3874 hiatu
1108 3813 1237 3889 legenda

104 3919 259 3977 videntur.
272 3917 381 3977 Weis.:
404 3917 467 3990 „De
479 3920 580 3978 aliare
599 3923 722 3978 rescisse
740 3920 847 3990 censui,
869 3915 949 3995 quod
962 3917 1000 3975 ad
1014 3916 1082 3976 med
1094 3913 1234 3975 attinet“.

104 4021 169 4080 Pro
200 4015 284 4095 quod
310 4020 458 4088 editorum
480 4022 631 4099 plerique:
668 4019 792 4098 „quae“,
817 4041 882 4079 cnm
907 4018 1152 4078 antecedentibus
1175 4018 1237 4076 haec

106 4127 277 4198 iungentes,
296 4127 380 4198 quasi
397 4119 575 4195 ,attineret“
590 4126 732 4201 scriptum
746 4129 840 4198 esset3
864 4122 1002 4200 equidem
1013 4127 1083 4198 post
1098 4115 1235 4194 ,censui“

107 4226 199 4304 plene
233 4226 422 4301 interpungo.
456 4255 492 4266 -
529 4227 600 4285 764.
636 4226 746 4284 Versus
775 4227 854 4286 iusto
884 4226 1017 4300 longior,
1052 4229 1140 4300 atque
1165 4222 1238 4281 adeo

109 4329 283 4387 octonarius
316 4327 477 4400 iambicus,
517 4330 575 4386 nisi
608 4325 739 4401 ,otiose“
771 4349 826 4405 pro
857 4329 955 4387 tribus
983 4327 1106 4404 syllabis
1141 4347 1240 4385 sumas

110 4431 163 4506 (ci.
179 4427 265 4504 179).
309 4427 401 4488 Weis.
425 4449 488 4490 roo.
518 4427 601 4503 „res“
627 4430 790 4505 omittebat,
815 4429 895 4507 quod
919 4431 1018 4490 omitti
1040 4450 1102 4490 non
1124 4435 1238 4509 potest;
