2956 5010
274 505 335 564 528
762 499 898 555 Curculio.

271 699 320 752 est
352 695 528 752 frumentum
563 713 767 771 corrumpens,
802 696 861 754 vid.
891 715 918 756 r.
950 699 1010 756 586
1039 715 1098 774 sq.,
1133 717 1219 772 quem
1252 697 1384 756 describit

263 794 440 873 'Sympbusii
464 799 589 872 aenigma
610 801 641 855 in
664 797 846 872 Anthologia
869 797 976 856 Latina
999 797 1092 884 Rieaii
1114 797 1137 870 I,
1162 818 1191 874 p.
1219 801 1290 858 192:

379 897 446 956 Non
469 897 564 956 bonus
586 901 734 973 agricolis,
759 921 819 958 non
842 901 977 974 frugibus
1000 902 1084 960 utilis
1107 901 1224 977 hospes,

379 1001 445 1060 Non
468 1019 591 1074 magnus
614 1002 718 1074 forma,
742 1023 801 1062 uon
823 1009 903 1062 recto
926 1007 1051 1090 nomine·
1067 1003 1173 1075 dictus,

380 1102 446 1162 Non
469 1109 573 1177 gratus
597 1103 697 1163 Cereri
721 1124 779 1164 uon
803 1125 925 1182 perram
948 1125 1030 1164 sumo
1053 1108 1196 1180 saginam.

272 1205 422 1263 Ausonius
444 1203 542 1281 Epist.
570 1208 624 1265 22:
651 1207 754 1280 „Quod
776 1211 834 1266 nisi
856 1207 1023 1280 indulseris,
1048 1215 1174 1280 rogante
1196 1229 1252 1278 me,
1275 1215 1388 1268 ut....

273 1309 367 1381 frugis
390 1307 608 1383 aliquantulum
630 1317 739 1368 nostroe
763 1311 869 1368 advehi
892 1313 1001 1388 possit,
1033 1311 1216 1370 Lucaniacus
1239 1318 1272 1368 ut
1292 1315 1390 1388 inopia

273 1409 420 1468 liberetur
441 1415 566 1483 mature,
590 1418 655 1471 tota
677 1413 731 1471 illa
753 1414 866 1472 familia
883 1413 1011 1472 hominis
1029 1413 1155 1471 litterati
1172 1433 1232 1472 non
1250 1413 1288 1471 ad
1303 1413 1390 1470 Tullii

273 1511 497 1571 frumentarium
520 1514 572 1570 sed
594 1513 632 1573 ad
651 1514 855 1574 Curculionem
878 1515 978 1574 Plauti
1001 1513 1192 1594 pertinebit“,
1216 1515 1291 1574 nihil
1311 1515 1391 1574 alind

272 1617 419 1692 spectarit
451 1635 539 1692 qnam
566 1622 600 1675 ut
628 1617 776 1676 frumento
805 1623 940 1694 egentem
970 1618 1111 1676 familiam
1146 1637 1209 1676 cum
1245 1619 1390 1675 esuriente

273 1720 404 1794 parasito
427 1723 590 1795 comparet.

358 1819 391 1878 In
421 1825 527 1878 ceteris
555 1841 747 1898 personarum
777 1823 944 1882 nominibus
971 1823 1047 1881 nihil
1069 1821 1229 1880 admodum
1252 1841 1390 1880 memora·
1456 1859 1457 1874 r

273 1923 333 1980 bile
356 1928 409 1982 est.
445 1923 544 1982 Facile
563 1925 640 1982 enim
658 1925 846 2000 intelligitur,
871 1946 929 2002 qna
947 1928 1062 1984 ratione
1079 1933 1171 2001 potita
1194 1944 1280 1982 servo
1302 1924 1390 1992 lideli,

273 2027 325 2101 qui
347 2025 463 2084 honesti
485 2026 641 2103 paedagogi
661 2047 741 2086 more
759 2028 975 2086 adolescentem
994 2027 1097 2085 herum
1115 2026 1266 2084 moderari
1284 2027 1390 2096 studet,

276 2121 423 2188 Pallnrm'
445 2149 553 2188 nomen
575 2128 702 2203 dederit,
727 2133 778 2206 qni
796 2130 898 2188 AEneae
921 2133 1006 2188 navis
1028 2130 1214 2204 gubernator
1235 2128 1300 2187 luit.
1335 2127 1392 2186 Nec

271 2232 370 2290 minus
383 2239 517 2308 apparet,
538 2251 597 2308 qua
613 2237 731 2292 ratione
750 2253 838 2292 anum
850 2233 982 2291 bibacem
1001 2239 1031 2290 et
1046 2251 1182 2290 voracem
1202 2251 1267 2288 eum
1286 2226 1390 2298 lma,

272 2340 325 2392 aut
346 2336 523 2410 trapezitam
548 2355 677 2406 avarum,
707 2355 795 2412 quem
818 2329 974 2412 Lyconem
1002 2333 1092 2406 dixit,
1122 2353 1188 2392 cum
1217 2333 1288 2410 lnpo
1318 2352 1392 2390 com·

272 2439 438 2512 paraverit,
462 2439 587 2496 militem
610 2445 712 2498 autem
734 2457 839 2516 parum
862 2437 1007 2509 nobilem,
1031 2445 1121 2512 atque
1144 2435 1218 2493 adeo
1239 2455 1325 2494 serre
1348 2435 1392 2493 rel

273 2538 382 2598 liberto
411 2545 526 2612 nutum,
552 2535 854 2616 lberupoatlyonum
888 2540 977 2610 dixit,
1018 2531 1290 2614 Cappadocumque
1312 2539 1392 2594 leno·
1455 2581 1456 2586 1

272 2659 355 2714 nem,
379 2651 411 2699 ut
436 2663 472 2701 ex
495 2665 530 2701 ea
552 2647 673 2718 regione
697 2653 810 2715 ortum,
834 2641 911 2700 uude
935 2643 1079 2699 vilissima
1102 2643 1251 2717 mancipia
1269 2639 1393 2698 advehe-

272 2743 388 2816 bantur,
420 2765 445 2802 v.
470 2745 575 2804 Horat.
600 2746 654 2822 Ep.
678 2746 701 2818 I,
725 2748 754 2816 6,
780 2747 818 2804 39
843 2765 906 2803 cum
930 2746 1160 2803 commentariis.
1213 2737 1393 2802 Planesium

272 2851 302 2903 et
333 2840 540 2908 Pleoede·omue
572 2851 693 2906 nomina
725 2851 755 2906 in
789 2847 900 2906 Grecis
934 2846 1066 2905 lontibus
1101 2865 1160 2904 non
1193 2847 1391 2904 inveniuntur.

272 2947 356 3019 Quod
380 2949 504 3009 Bothius
527 2953 576 3022 eit,
601 2950 711 3008 Graecis
734 2951 895 3026 Φαίδρωμον
922 2949 982 3008 diei
1009 2949 1108 3008 media
1130 2949 1234 3024 longa,
1263 2967 1322 3006 non
1352 2950 1393 3004 ita
1454 2987 1455 3026 ;

272 3056 333 3123 est3
362 3051 445 3124 Quod
469 3060 568 3112 autem
591 3055 649 3130 ipsi
671 3053 830 3126 legendum
853 3053 970 3111 videtur
997 3049 1215 3123 ,Pbaedimus“,
1240 3049 1391 3123 vulgatum

271 3153 345 3210 illud
368 3157 489 3230 quidem
512 3175 619 3214 nomen
642 3161 696 3228 est,
721 3155 773 3212 sed
796 3175 942 3232 reponare
967 3155 1108 3212 audacius
1133 3155 1182 3212 eit.

356 3257 470 3316 Fabula
488 3261 599 3335 optime
616 3263 734 3316 morata
750 3262 780 3314 et
797 3259 827 3315 in
846 3259 950 3316 ueteris
968 3257 1102 3334 personis
1120 3254 1257 3312 decorem
1275 3256 1391 3328 egregie

272 3367 371 3418 servat
394 3367 422 3418 st
447 3367 478 3419 iu
501 3361 652 3420 amoribus
681 3359 876 3418 adolescentis
904 3367 934 3417 et
961 3358 1083 3436 uirginis
1112 3355 1307 3433 depingendis
1334 3358 1390 3414 sin·

271 3463 403 3537 gulanam
428 3469 611 3522 venustatem
636 3463 738 3521 babet.
783 3463 997 3538 Argumentum
1021 3467 1121 3518 autem
1143 3460 1219 3518 nihil
1242 3459 1303 3516 lere
1323 3459 1390 3515 nori
1453 3525 1454 3540 3

272 3565 399 3639 praebat,
434 3567 514 3645 quod
544 3585 602 3624 nou
631 3567 662 3622 iu
685 3564 752 3622 aliis
773 3564 881 3622 fabulis
904 3573 954 3622 aut
978 3564 1097 3621 uberius
1122 3569 1176 3620 aut
1198 3563 1294 3636 magis
1318 3561 1387 3618 ridi·
1453 3563 1454 3602 ἕ

261 3668 336 3725 cule
354 3670 536 3740 inveniatur;
561 3687 653 3745 quare
676 3671 727 3744 qui
750 3670 889 3743 antiquos
911 3675 1017 3744 poetas
1039 3665 1200 3724 imitandos
1219 3665 1276 3722 sibi
1294 3683 1388 3739 sump-

272 3777 387 3842 serunt,
419 3772 477 3828 alio
506 3774 606 3848 potius
628 3791 660 3829 se
683 3776 904 3829 converterunt.
949 3768 1073 3826 Brevior
1093 3770 1184 3830 etiam
1209 3767 1269 3824 hnc
1294 3765 1386 3824 fabule

271 3879 332 3942 est,
364 3893 453 3951 quam
475 3875 626 3951 pleraque
650 3873 809 3953 Plautina,
844 3891 899 3930 nec
921 3877 1021 3928 tamen
1044 3871 1139 3929 multa
1163 3869 1325 3928 desiderari
1348 3871 1385 3925 ri·

268 3974 388 4034 dentur,
434 3975 511 4034 riute
535 3995 562 4034 v.
587 3977 647 4034 274
671 3975 774 4033 lolium
798 3975 921 4046 excidit3
956 3993 984 4032 v.
1010 3973 1068 4032 549
1094 3973 1159 4031 duee
1183 3973 1306 4030 duorum
1328 3990 1384 4028 ver
1452 3983 1453 4028 l

260 4097 355 4136 :serum
378 4087 479 4154 partes
502 4079 647 4136 excidisse
670 4078 818 4150 videntur,
844 4082 914 4134 ante
938 4076 998 4134 546
1023 4077 1142 4149 integer
1164 4093 1281 4145 versum
1313 4073 1382 4130 idem

270 4185 338 4238 ante
363 4183 422 4240 455
448 4181 589 4238 accidisse
611 4181 756 4257 auspicari
779 4197 944 4255 possumus.
990 4177 1121 4249 Gttzius,
1145 4181 1213 4236 Act.
1239 4175 1317 4253 Lips.
1340 4173 1382 4240 vl,

263 4303 301 4358 p.
315 4285 493 4355 aru-282,
507 4284 639 4341 ultimam
658 4285 744 4340 huius
758 4301 851 4340 scenio
864 4287 979 4358 partem
993 4277 1167 4352 (est—60)
1180 4278 1382 4338 retractatione
