2928 5010
73 509 109 576 IV,
119 512 142 578 2,
153 511 246 576 22—3,
258 512 290 564 13
541 513 701 569 Bacchides.

492 700 750 770 Pistoclerus

364 808 486 890 Abeas3
509 799 659 877 celeriter
680 810 804 880 factost
827 837 916 899 opus.
1033 901 1035 906 ,

510 919 727 988 Parasitus

70 1023 150 1104 Uele,
173 1023 460 1109 dentifrangibule.

492 1134 748 1204 Pistoclerus

509 1243 552 1308 Et
574 1250 620 1323 tu,
643 1246 909 1328 integumentum,
932 1249 1015 1315 nole.
1033 1287 1076 1295 -

67 1350 104 1414 lu·
119 1371 190 1415 eum
212 1350 296 1415 haec
319 1349 451 1415 deuenit
473 1371 527 1416 res
549 1351 665 1430 locum,
688 1360 733 1433 ut,
756 1355 836 1436 quid
859 1357 972 1421 consili

67 1457 142 1523 Dem
162 1479 233 1524 meo
257 1457 362 1523 sodali
386 1480 485 1542 super
508 1460 623 1539 amica,
645 1462 799 1542 nesciam,
1128 1483 1179 1538 605

68 1564 121 1642 Qui
143 1567 246 1632 iratus
269 1568 493 1632 renumereuit
515 1588 609 1632 omne
632 1589 749 1632 aurum
771 1574 868 1652 patri,

66 1675 170 1760 Neque
193 1695 345 1740 nummus
368 1673 477 1756 ullust,
500 1677 556 1757 qui
579 1675 738 1741 reddatur
760 1677 864 1742 militi.

67 1782 124 1848 Sed
144 1783 207 1848 huc
230 1783 421 1864 concedam,
443 1804 520 1848 nam
542 1790 802 1867 concrepuerunt
822 1785 919 1851 fores.

66 1891 274 1958 Mnesilochus
298 1913 412 1958 eccum
434 1899 580 1957 maestus
603 1892 812 1976 progreditur
833 1895 928 1960 loros.

291 2145 601 2214 MNESILOCHUS.
647 2149 944 2216 PISTOOLERUS.

481 2283 758 2352 Mnesilochus

64 2393 220 2472 Pet-ulans,
232 2400 399 2478 proteruo,
411 2393 569 2458 iracundo
582 2395 699 2474 animo,
719 2395 887 2476 indomito,
907 2398 1095 2481 incogitcto,
1125 2418 1176 2471 610

66 2500 133 2567 Sine
154 2502 251 2569 modo
276 2508 309 2566 et
331 2500 493 2566 modestis
517 2523 598 2581 sum,
628 2503 697 2568 siue
719 2504 806 2568 bono
828 2507 899 2570 iure
922 2513 1022 2588 etque
1044 2505 1176 2590 honore,

64 2608 260 2676 Incredibilis
283 2611 445 2694 imposque
468 2610 577 2688 enimi,
600 2611 795 2693 inamabilis,
818 2614 981 2697 inlepidus
1004 2616 1091 2695 uiuo,

62 2717 272 2786 lleleuolente
295 2718 424 2801 iugenio
447 2723 559 2798 notus,
589 2725 753 2802 postremo
776 2721 811 2786 id
834 2721 954 2803 mihist,
978 2723 1066 2804 quod
1088 2725 1164 2790 uolo

62 2826 125 2910 Ego
147 2848 214 2893 esse
237 2827 323 2892 eliis.
369 2823 534 2890 Credibile
556 2825 619 2891 hoc
643 2827 713 2892 est?
758 2826 907 2912 Nequicr
928 2838 1056 2896 nemost

63 2933 167 3017 Neque
188 2934 361 3018 indignior,
382 2934 463 3015 ‚quoi
482 2934 515 2999 di
537 2933 745 3000 benefaciant
762 2957 868 3018 neque
887 2959 983 3020 quem
1001 2941 1176 3024 quisquam

617 3043 714 3108 homo
738 3051 797 3108 cut
820 3052 907 3109 amet
924 3054 982 3112 aut
999 3047 1107 3113 adeat.
1125 3065 1176 3118 615

62 3148 206 3216 inimicos
230 3147 331 3234 quem
353 3151 475 3216 amicos
498 3153 650 3235 aequiust
673 3174 723 3216 me
747 3152 881 3234 habere3

62 3255 159 3324 Malos
181 3280 279 3342 quam
301 3259 405 3325 bonos
428 3280 490 3343 per
511 3261 615 3342 magis
637 3281 688 3324 me
711 3262 836 3325 iuuere.

63 3364 210 3432 Omnibus
233 3366 372 3451 probris
396 3388 479 3450 quoe
503 3367 649 3451 inprobis
671 3370 752 3434 uiris

63 3471 159 3556 Digna
180 3477 266 3556 sunt,
290 3475 418 3559 dignior
440 3475 550 3540 nullus
573 3483 623 3541 est
645 3477 751 3558 hom0,

63 3578 121 3655 Qui
142 3585 226 3666 petri
248 3583 377 3649 reddidi
401 3605 496 3648 omne
519 3605 636 3648 aurum
659 3605 779 3666 emens,
1124 3607 1176 3658 620

64 3687 151 3764 Quod
171 3691 233 3758 luit
253 3711 334 3776 prae
356 3712 463 3756 manu.
510 3690 629 3758 Sumne
653 3713 712 3776 ego
735 3693 831 3759 homo
854 3695 974 3759 miser?

63 3794 185 3865 Perdidi
206 3821 258 3864 me
280 3805 381 3884 atque
405 3820 540 3884 operam
563 3797 720 3884 Chrysali.

483 3907 745 3974 Pistoclerus

64 4010 282 4081 Consolendus
304 4015 359 4080 hic
383 4016 510 4096 mihist;
534 4015 588 4081 ibo
612 4015 655 4080 ad
679 4037 761 4082 eum.

63 4118 259 4203 Mnesiloche,
283 4123 363 4208 quid
385 4123 444 4189 fit?

113 4307 212 4364 604111
229 4329 292 4366 eum
310 4327 385 4366 nunc
402 4311 464 4365 hoec
482 4311 593 4365 reuenit
662 4313 712 4366 616
733 4328 805 4380 equo
824 4315 851 4366 st
867 4311 895 4366 Β
956 4312 1007 4365 618
1024 4313 1173 4380 improbris

63 4391 111 4443 626
129 4408 217 4450 emens

937 4501 969 4551 ΡΙ*
