2922 5006
122 484 148 550 1,
158 485 308 554 ene-40
636 485 775 542 Curculio.

594 675 813 743 Palinurus

121 781 183 849 Tu
207 781 343 866 quidem
365 781 492 866 uigiles.

566 913 846 982 Phaedromus

487 1023 530 1087 At
553 1044 624 1088 meo
648 1044 738 1090 more
762 1023 904 1106 dormio;
926 1023 980 1090 hic
1005 1033 1154 1094 somnust
1175 1027 1264 1094 mihi.

592 1164 814 1232 Palinurus

119 1275 226 1341 Heus
248 1281 294 1354 tu,
318 1273 449 1339 mulier:
472 1273 558 1339 mole
581 1275 701 1339 mereri
724 1274 764 1338 de
787 1275 960 1342 immerenti
983 1277 1157 1343 inscitiast.
1216 1295 1266 1348 185

584 1415 818 1484 Planesium

118 1528 294 1604 Irascere,
319 1525 348 1590 si
369 1531 403 1588 te
426 1523 578 1589 edentem
600 1525 654 1590 hic
678 1525 793 1592 scibo
817 1527 940 1610 abigat.

591 1666 811 1735 Palinurus

980 1778 1083 1843 Ilicet.

116 1887 265 1953 Pariter
286 1883 346 1948 hos
368 1885 476 1967 perire
499 1883 640 1950 amando
665 1884 777 1966 uide0;
799 1893 938 1968 uterque
961 1887 1138 1952 insaniunt.

116 1991 252 2072 Uiden,
275 1999 313 2057 ut
335 1993 452 2057 misere
476 1992 676 2058 moliuntur?
699 2001 866 2077 nequeunt
890 1995 1053 2078 conplecti
1076 1997 1168 2061 satis.

114 2104 247 2169 Etiam
269 2100 513 2184 dispertimini?

587 2231 822 2298 Planesium

558 2339 647 2406 Nulli
670 2340 828 2407 hominist
851 2347 1048 2426 perpetuum
1071 2342 1209 2425 bonum3

115 2452 204 2516 Iam
228 2447 306 2512 huic
329 2448 497 2532 uoluptati
519 2449 582 2514 hoc
606 2449 829 2515 adiunctumst
853 2450 973 2516 odium.

591 2589 812 2657 Palinurus
904 2601 912 2620 '
1312 2657 1313 2660 ,

545 2771 547 2775 ⁴
785 2698 871 2776 Quid
894 2701 952 2779 nis,
975 2700 1195 2785 propudium?
1216 2719 1266 2773 190

118 2811 227 2876 Tune
252 2807 352 2871 etiam
375 2827 450 2870 cum
472 2807 638 2872 noctuinis
662 2807 766 2872 oculis
790 2807 903 2872 odium
926 2829 977 2873 me
999 2830 1108 2890 uocas,

117 2914 289 2985 Ebriolne
311 2914 475 2998 persollae
498 2916 627 2999 nugae?

565 3045 839 3111 Phaedromus
1048 3109 1050 3112 ,
1229 3053 1233 3085 ¹

664 3155 737 3218 Tun
760 3172 867 3218 meam
890 3151 1052 3217 Uenerem
1073 3155 1265 3239 uituperns?

589 3302 825 3368 Planesium

121 3411 251 3479 Talem
273 3409 354 3474 mihi
377 3410 543 3495 polluctus
567 3412 670 3494 uirgis
693 3430 808 3476 seruos
831 3429 1011 3474 sermonem
1035 3411 1149 3475 seret?

565 3564 839 3630 Phaedromus

120 3675 175 3741 At
200 3693 243 3737 ne
266 3677 303 3736 tu
326 3671 438 3738 hercle
461 3693 535 3738 cum
558 3673 708 3737 cruciatu
730 3693 847 3756 magno
872 3671 984 3736 dixisti
1007 3671 1043 3736 id
1064 3676 1131 3736 tuo.

120 3782 196 3849 Em
218 3778 281 3845 tibi
303 3779 389 3845 male
412 3779 509 3846 dictis
532 3802 592 3864 pro
615 3781 698 3860 istis,
722 3781 819 3846 dictis
842 3779 1007 3846 moderari
1031 3784 1069 3844 ut
1087 3799 1197 3861 queas.
1218 3796 1266 3849 195

596 3932 813 4000 Palinurus

123 4043 241 4109 Tuam
262 4040 371 4124 fidem,
395 4041 507 4109 Uenus
529 4042 742 4126 noctuuigila.

203 4297 254 4350 186
272 4294 397 4351 Irascere
452 4298 501 4351 188
518 4297 604 4352 Uidin
652 4298 700 4350 189
717 4294 793 4350 Nulli
812 4303 854 4352 est
872 4297 980 4351 homini
1035 4297 1084 4350 190
1101 4293 1265 4349 adiunctum

131 4385 183 4438 192
200 4381 324 4436 Ebriolc
342 4382 453 4448 persole
508 4383 557 4438 199
576 4381 657 4450 Quod
675 4381 789 4450 quidem
807 4381 877 4436 mihi
936 4383 984 4436 195
1001 4380 1073 4435 Hem

1013 4483 1060 4537 15*
