2922 5006
259 510 321 574 230
773 505 867 561 Plauti
1198 503 1274 574 11,1,
1285 507 1374 561 12-24

260 695 437 764 Tormenio
459 719 525 764 non
546 697 681 762 retineri
704 697 813 780 potuit
834 693 952 776 ferreo,

259 802 346 882 Quin
367 805 529 889 reciperet
551 826 586 870 se
608 804 672 871 huo
696 825 789 870 esum
811 804 854 870 ad
876 803 1060 889 praesepim
1084 825 1188 870 suam.

713 946 932 1032 Cappadox

261 1055 340 1135 Quis
362 1055 416 1121 hio
438 1061 498 1138 est,
521 1057 578 1141 qui
599 1055 767 1138 loquitur?

711 1197 933 1264 Palinurus

808 1305 947 1386 Quoiam
971 1327 1086 1373 uocem
1109 1327 1170 1388 ego
1194 1305 1312 1372 audio?

714 1448 932 1534 Cappadox

260 1557 363 1624 Estne
386 1556 440 1624 hic
462 1557 636 1624 Palinurus
658 1556 877 1624 Phaedromi?

709 1699 933 1768 Palinurus

924 1809 1003 1890 Quis
1026 1809 1080 1875 hie
1103 1815 1154 1876 est
1174 1809 1273 1876 homo
1333 1825 1378 1878 230

261 1915 343 1983 Cum
365 1917 531 1985 conlatiuo
554 1924 671 1984 uenere
693 1925 793 2002 atque
816 1918 919 1984 oeulis
941 1919 1094 1984 horbais?

259 2025 309 2091 De
330 2025 438 2092 forma
459 2027 553 2107 noui;
578 2025 617 2092 de
642 2027 750 2093 eolore
772 2048 838 2093 non
861 2047 946 2112 queo

259 2132 408 2200 Nouisse.
453 2134 590 2202 Iamiam
612 2137 710 2216 noui;
731 2136 842 2202 lenost
864 2135 1054 2221 Cappadox.

260 2241 469 2326 Congrediar.

712 2373 931 2459 Cappadox

508 2481 616 2564 Saluo,
640 2481 804 2548 Palinure.

710 2625 931 2691 Palinurus

835 2732 861 2800 Ο
885 2732 1044 2799 scelerum
1067 2741 1176 2817 caput,

259 2839 403 2908 Salueeo.
450 2839 535 2919 Quid
558 2841 649 2926 agis?

711 2953 931 3072 Cappadox

684 3093 779 3160 Uiuo.

709 3235 930 3302 Palinurus

824 3343 951 3428 Nempe
973 3351 1011 3409 ut
1033 3342 1150 3427 dignus
1173 3361 1218 3407 es.
1330 3351 1372 3406 2³6
1436 3371 1437 3390 r

257 3451 322 3518 Sed
345 3453 426 3538 quid
447 3451 564 3518 tibist?
1086 3483 1090 3494 ·

607 3563 611 3570 Ι
711 3581 931 3668 Cappadox

608 3691 690 3758 Lien
712 3697 820 3773 necat,
843 3713 938 3758 renes
962 3691 1083 3771 dolent,

258 3801 434 3868 Pulmones
458 3798 697 3881 distrahuntur,
721 3802 889 3866 cruciatur
912 3801 1011 3879 ieeur,

256 3911 397 3977 Radices
421 3910 530 3977 cordis
552 3915 702 3994 pereunt,
726 3909 818 3976 hirae
841 3930 953 3975 omnes
976 3908 1097 3974 dolent.

710 4052 929 4119 Palinurus

257 4163 340 4230 Tum
362 4171 396 4230 te
418 4163 519 4248 igitur
541 4161 677 4227 morbus
700 4163 807 4244 agitat
830 4162 1019 4246 epatiarius.

256 4327 346 4334 —.
353 4327 483 4334 -..ν-.---

326 4397 377 4449 228
395 4411 530 4464 praesepe
548 4411 628 4448 suum
700 4396 751 4449 230
767 4394 843 4449 Esne
909 4393 1063 4449 aasabim
