2928 5010
93 467 149 536 ltu,
160 469 258 522 to-te
583 472 700 542 Captiui.
1145 479 1203 540 169
1234 507 1242 521 ·

92 656 119 722 Si
138 679 192 740 ego
208 659 287 724 item
304 669 488 740 memorem,
512 682 596 745 quoe
619 683 670 728 me
693 684 772 748 erga
791 665 895 730 multa
912 663 1018 728 fecisti
1042 662 1133 741 hene,
1151 679 1202 732 41⁶

91 765 152 830 Nox
172 766 256 832 diem
279 767 419 848 adimat3
443 791 518 834 narn
540 772 632 852 quasi
651 792 764 837 seruos
783 793 875 838 meus
894 773 948 850 sis,
972 771 1076 837 nihilo
1096 771 1204 837 secius

90 874 157 938 llihi
179 874 395 959 obsequiosus
418 898 546 962 semper
569 875 667 944 inisti.

579 985 705 1069 Hegio

776 1097 816 1162 lli
839 1103 986 1162 nostram
1011 1095 1119 1174 tidem,

90 1198 253 1264 Hominum
274 1201 440 1284 ingenium
461 1199 613 1268 liberale!
656 1203 700 1268 Ut
726 1203 891 1270 lacrumas
915 1205 1087 1269 excutiunt
1108 1201 1202 1268 mihil

92 1306 199 1372 Uideas
222 1308 320 1374 corde
342 1329 453 1376 amare
475 1311 562 1376 inter
586 1331 629 1388 se,
653 1311 765 1393 quitus
787 1317 818 1376 et
838 1313 971 1395 quentis
993 1309 1148 1376 laudibus

90 1412 179 1478 Suum
201 1436 291 1482 erum
315 1438 428 1484 seruos
452 1418 675 1484 conlaudauit.

533 1525 745 1610 Tyndarus

555 1633 613 1699 Pol
636 1635 711 1699 istic
734 1656 785 1700 me
808 1635 896 1701 haud
919 1635 1134 1702 centesimam
1151 1653 1205 1705 420
1325 1697 1326 1702 ,

87 1737 209 1804 Partem
231 1741 354 1820 laudat,
378 1763 475 1824 quarn
498 1744 570 1828 ipse
593 1745 754 1824 meritust,
777 1751 815 1808 ut
836 1743 991 1810 laudetur
1013 1743 1179 1810 laudibus.

579 1851 707 1935 Hegio

88 1953 166 2037 Ergo
189 1977 286 2038 quom
309 1963 441 2040 optume
463 1959 583 2041 fecisti,
606 1981 693 2028 nunc
715 1961 810 2028 adest
832 1962 961 2028 occasio

88 2059 256 2129 Benefacta
278 2065 455 2146 cumulare,
479 2074 516 2132 nt
538 2089 617 2151 erga
638 2068 725 2136 huno
746 2089 817 2135 rem
839 2089 935 2152 geras
956 2067 1110 2133 fideliter.

513 2199 772 2266 Philocrates

87 2300 182 2384 llagie
194 2325 257 2370 non
268 2302 393 2371 factum
405 2327 540 2391 possum
552 2307 638 2374 uelle
651 2329 748 2392 quam
761 2327 862 2391 opera
874 2307 1026 2391 experiar
1037 2309 1202 2392 persequi.

88 2406 121 2474 ld
143 2416 178 2474 ut
200 2413 293 2492 scias,
317 2413 428 2480 Iouem
453 2437 642 2500 supremum
665 2422 784 2482 testem
807 2416 915 2498 laudo,
938 2415 1051 2500 Hegio,
1151 2433 1202 2488 425

90 2515 137 2580 lle
158 2517 320 2586 infidelem
342 2544 407 2588 non
430 2521 574 2588 futurum
598 2523 786 2596 Philocrati.

580 2655 705 2738 Hegio

839 2762 966 2829 Probus
988 2783 1023 2828 es
1046 2763 1153 2828 homo.

516 2871 773 2938 Philocrates

89 2973 149 3038 Nec
171 2997 219 3042 me
243 2997 337 3043 secus
361 3000 515 3064 umquam
539 2981 568 3045 ei
592 2979 755 3045 facturum
773 2979 951 3064 quidquam
970 2998 1068 3061 quam
1086 2983 1208 3042 memet

796 3087 884 3153 mihi.

539 3195 746 3280 Tyndarus

89 3295 186 3366 Istaec
209 3301 298 3367 dicte
320 3309 353 3367 te
376 3304 529 3387 expedire
553 3311 586 3370 et
610 3305 719 3388 operis
743 3312 776 3370 et
798 3303 893 3370 factis
916 3303 1001 3383 cole,

89 3405 126 3470 Et
141 3429 202 3490 quo
218 3411 326 3476 minus
346 3411 413 3476 dixi
431 3433 530 3494 quam
547 3413 648 3494 uolui,
671 3421 762 3479 recte
781 3415 926 3478 animum
945 3411 1103 3478 aduertas
1119 3411 1205 3493 uolo,

89 3515 187 3599 Atque
208 3517 333 3584 horunc
355 3518 530 3587 uerborum
553 3543 657 3588 causa
680 3543 760 3589 ceue
779 3529 816 3588 tu
833 3520 912 3587 mihi
929 3521 1043 3587 iratus'
1055 3520 1136 3586 fuas.
1155 3535 1207 3590 430

90 3619 146 3702 Sic,
168 3631 200 3691 te
222 3648 356 3710 quaeso,
380 3630 526 3714 cogitato
549 3630 625 3696 hinc
646 3652 721 3698 mea
743 3629 807 3696 fide
831 3631 917 3694 mitti
940 3629 1070 3696 domurn

89 3727 128 3794 Te
139 3741 357 3801 aestumatum
370 3743 403 3802 et
415 3757 519 3802 meam
533 3759 605 3804 esse
618 3741 722 3805 uitam
733 3739 787 3804 hic
798 3759 857 3824 pre
869 3745 903 3804 te
915 3739 1056 3824 positam
1069 3738 1206 3822 pignori,

149 4013 197 4066 416
214 4030 280 4068 nom
299 4014 322 4068 si
342 4031 439 4068 seruus
456 4031 535 4069 meua
554 4031 629 4071 esses
723 4017 775 4070 418
793 4015 945 4070 Hominum
963 4015 1106 4085 ingenium
1128 4023 1202 4072 cnte-

92 4093 185 4152 omne
202 4101 297 4154 ceroci
319 4099 467 4155 maenae.
522 4101 592 4156 Item
605 4103 749 4170 principia
767 4102 849 4156 rreum
861 4103 1051 4169 proximorum
1068 4117 1205 4156 amaeam.

89 4177 134 4233 419
151 4183 249 4250 quibus
268 4189 297 4238 et
315 4199 367 4239 om.
458 4185 510 4240 425
528 4187 569 4240 uti
648 4203 824 4257 suppremum
842 4193 943 4242 testem
963 4187 1000 4241 dc
1090 4188 1142 4241 428
1160 4203 1205 4241 ex·

88 4267 168 4330 perire
256 4273 306 4324 429
324 4269 402 4325 uolui
420 4270 455 4326 de
473 4273 502 4326 te
521 4273 644 4326 animum
735 4275 789 4328 430
806 4278 904 4328 caueto
922 4272 991 4328 mihi
1031 4321 1035 4331 ,
1076 4275 1125 4328 431
1147 4269 1203 4328 Sed

133 4352 195 4410 hinc
213 4361 241 4411 te
259 4373 321 4412 mea
