<?xml version="1.0" encoding="UTF-8"?>
<!DOCTYPE html PUBLIC "-//W3C//DTD XHTML 1.0 Transitional//EN"
    "http://www.w3.org/TR/xhtml1/DTD/xhtml1-transitional.dtd">
<html xmlns="http://www.w3.org/1999/xhtml" xml:lang="en" lang="en">
 <head>
  <title>
</title>
<meta http-equiv="Content-Type" content="text/html;charset=utf-8" />
  <meta name='ocr-system' content='tesseract 3.04.00' />
  <meta name='ocr-capabilities' content='ocr_page ocr_carea ocr_par ocr_line ocrx_word'/>
</head>
<body>
  <div class='ocr_page' id='page_1' title='image "./tmacciiplautico00ussigoog_0015.png"; bbox 0 0 2960 5012; ppageno 0'>
   <div class='ocr_carea' id='block_1_1' title="bbox 263 520 893 589">
    <p class='ocr_par' dir='ltr' id='par_1_1' title="bbox 263 520 893 589">
     <span class='ocr_line' id='line_1_1' title="bbox 263 520 893 589; baseline -0.008 -12"><span class='ocrx_word' id='word_1_1' title='bbox 263 529 335 589; x_wconf 80' lang='lat' dir='ltr'><strong>VIII</strong></span> <span class='ocrx_word' id='word_1_2' title='bbox 755 520 893 576; x_wconf 79' lang='lat' dir='ltr'><strong>Praefatio.</strong></span> 
     </span>
    </p>
   </div>
   <div class='ocr_carea' id='block_1_2' title="bbox 261 717 1385 1979">
    <p class='ocr_par' dir='ltr' id='par_1_2' title="bbox 264 717 1383 884">
     <span class='ocr_line' id='line_1_2' title="bbox 264 717 1383 794; baseline 0 -20"><span class='ocrx_word' id='word_1_3' title='bbox 264 717 350 775; x_wconf 87' lang='lat' dir='ltr'><strong>nobis</strong></span> <span class='ocrx_word' id='word_1_4' title='bbox 372 737 476 794; x_wconf 87' lang='lat' dir='ltr'><strong>parum</strong></span> <span class='ocrx_word' id='word_1_5' title='bbox 499 723 599 776; x_wconf 84' lang='lat' dir='ltr'><strong>notam</strong></span> <span class='ocrx_word' id='word_1_6' title='bbox 623 737 700 790; x_wconf 89' lang='lat' dir='ltr'><strong>esse,</strong></span> <span class='ocrx_word' id='word_1_7' title='bbox 732 723 762 776; x_wconf 91' lang='lat' dir='ltr'><strong>et</strong></span> <span class='ocrx_word' id='word_1_8' title='bbox 789 718 821 774; x_wconf 88' lang='lat' dir='ltr'><strong>in</strong></span> <span class='ocrx_word' id='word_1_9' title='bbox 847 717 900 788; x_wconf 91' lang='lat' dir='ltr'><strong>iis,</strong></span> <span class='ocrx_word' id='word_1_10' title='bbox 935 733 1000 791; x_wconf 75' lang='lat' dir='ltr'><strong>quea</strong></span> <span class='ocrx_word' id='word_1_11' title='bbox 1030 734 1095 772; x_wconf 89' lang='lat' dir='ltr'><strong>cum</strong></span> <span class='ocrx_word' id='word_1_12' title='bbox 1126 717 1281 773; x_wconf 83' lang='lat' dir='ltr'><strong>seiuncta</strong></span> <span class='ocrx_word' id='word_1_13' title='bbox 1304 721 1383 788; x_wconf 89' lang='lat' dir='ltr'><strong>sunt,</strong></span> 
     </span>
     <span class='ocr_line' id='line_1_3' title="bbox 265 824 820 884; baseline 0.002 -3"><span class='ocrx_word' id='word_1_14' title='bbox 265 843 405 882; x_wconf 88' lang='lat' dir='ltr'><strong>summam</strong></span> <span class='ocrx_word' id='word_1_15' title='bbox 429 824 623 884; x_wconf 83' lang='lat' dir='ltr'><strong>adhibeamus</strong></span> <span class='ocrx_word' id='word_1_16' title='bbox 645 827 820 884; x_wconf 78' lang='lat' dir='ltr'><strong>cautionem.</strong></span> 
     </span>
    </p>

    <p class='ocr_par' dir='ltr' id='par_1_3' title="bbox 261 929 1385 1979">
     <span class='ocr_line' id='line_1_4' title="bbox 350 929 1384 1007; baseline -0.002 -17"><span class='ocrx_word' id='word_1_17' title='bbox 350 931 553 991; x_wconf 78' lang='lat' dir='ltr'><strong>Constantiam</strong></span> <span class='ocrx_word' id='word_1_18' title='bbox 575 953 670 992; x_wconf 89' lang='lat' dir='ltr'><strong>meam</strong></span> <span class='ocrx_word' id='word_1_19' title='bbox 694 933 790 990; x_wconf 87' lang='lat' dir='ltr'><strong>critici</strong></span> <span class='ocrx_word' id='word_1_20' title='bbox 812 931 978 1006; x_wconf 88' lang='lat' dir='ltr'><strong>requirunt.</strong></span> <span class='ocrx_word' id='word_1_21' title='bbox 1023 929 1086 1004; x_wconf 82' lang='lat' dir='ltr'><strong>Ego</strong></span> <span class='ocrx_word' id='word_1_22' title='bbox 1109 949 1179 988; x_wconf 86' lang='lat' dir='ltr'><strong>vero</strong></span> <span class='ocrx_word' id='word_1_23' title='bbox 1201 949 1295 1007; x_wconf 87' lang='lat' dir='ltr'><strong>quum</strong></span> <span class='ocrx_word' id='word_1_24' title='bbox 1315 951 1384 988; x_wconf 91' lang='lat' dir='ltr'><strong>oon·</strong></span> 
     </span>
     <span class='ocr_line' id='line_1_5' title="bbox 264 1037 1384 1116; baseline -0.001 -19"><span class='ocrx_word' id='word_1_25' title='bbox 264 1039 404 1098; x_wconf 78' lang='lat' dir='ltr'><strong>stantiam</strong></span> <span class='ocrx_word' id='word_1_26' title='bbox 427 1041 526 1114; x_wconf 88' lang='lat' dir='ltr'><strong>magni</strong></span> <span class='ocrx_word' id='word_1_27' title='bbox 555 1039 672 1113; x_wconf 83' lang='lat' dir='ltr'><strong>faciam,</strong></span> <span class='ocrx_word' id='word_1_28' title='bbox 706 1045 806 1098; x_wconf 90' lang='lat' dir='ltr'><strong>tamen</strong></span> <span class='ocrx_word' id='word_1_29' title='bbox 833 1039 953 1096; x_wconf 83' lang='lat' dir='ltr'><strong>veritati</strong></span> <span class='ocrx_word' id='word_1_30' title='bbox 981 1043 1160 1116; x_wconf 84' lang='lat' dir='ltr'><strong>anteponere</strong></span> <span class='ocrx_word' id='word_1_31' title='bbox 1189 1057 1248 1098; x_wconf 90' lang='lat' dir='ltr'><strong>non</strong></span> <span class='ocrx_word' id='word_1_32' title='bbox 1278 1037 1384 1109; x_wconf 85' lang='lat' dir='ltr'><strong>audeo,</strong></span> 
     </span>
     <span class='ocr_line' id='line_1_6' title="bbox 264 1145 1384 1207; baseline -0.002 -3"><span class='ocrx_word' id='word_1_33' title='bbox 264 1167 318 1204; x_wconf 91' lang='lat' dir='ltr'><strong>nec</strong></span> <span class='ocrx_word' id='word_1_34' title='bbox 341 1149 513 1206; x_wconf 86' lang='lat' dir='ltr'><strong>constantiae</strong></span> <span class='ocrx_word' id='word_1_35' title='bbox 542 1167 629 1206; x_wconf 87' lang='lat' dir='ltr'><strong>causa</strong></span> <span class='ocrx_word' id='word_1_36' title='bbox 657 1151 771 1207; x_wconf 85' lang='lat' dir='ltr'><strong>incerta</strong></span> <span class='ocrx_word' id='word_1_37' title='bbox 800 1151 880 1204; x_wconf 88' lang='lat' dir='ltr'><strong>certa</strong></span> <span class='ocrx_word' id='word_1_38' title='bbox 908 1146 1005 1204; x_wconf 85' lang='lat' dir='ltr'><strong>facere</strong></span> <span class='ocrx_word' id='word_1_39' title='bbox 1032 1147 1129 1205; x_wconf 80' lang='lat' dir='ltr'><strong>velim.</strong></span> <span class='ocrx_word' id='word_1_40' title='bbox 1185 1147 1251 1204; x_wconf 89' lang='lat' dir='ltr'><strong>Non</strong></span> <span class='ocrx_word' id='word_1_41' title='bbox 1281 1145 1384 1203; x_wconf 88' lang='lat' dir='ltr'><strong>eadem</strong></span> 
     </span>
     <span class='ocr_line' id='line_1_7' title="bbox 262 1253 1383 1326; baseline -0.002 -14"><span class='ocrx_word' id='word_1_42' title='bbox 262 1257 377 1314; x_wconf 90' lang='lat' dir='ltr'><strong>ratione</strong></span> <span class='ocrx_word' id='word_1_43' title='bbox 400 1275 448 1314; x_wconf 89' lang='lat' dir='ltr'><strong>ars</strong></span> <span class='ocrx_word' id='word_1_44' title='bbox 472 1257 575 1314; x_wconf 88' lang='lat' dir='ltr'><strong>critica</strong></span> <span class='ocrx_word' id='word_1_45' title='bbox 598 1255 760 1314; x_wconf 85' lang='lat' dir='ltr'><strong>exercenda</strong></span> <span class='ocrx_word' id='word_1_46' title='bbox 782 1259 827 1312; x_wconf 91' lang='lat' dir='ltr'><strong>est</strong></span> <span class='ocrx_word' id='word_1_47' title='bbox 848 1257 880 1312; x_wconf 92' lang='lat' dir='ltr'><strong>in</strong></span> <span class='ocrx_word' id='word_1_48' title='bbox 902 1253 1009 1312; x_wconf 90' lang='lat' dir='ltr'><strong>Plauto</strong></span> <span class='ocrx_word' id='word_1_49' title='bbox 1033 1259 1064 1312; x_wconf 90' lang='lat' dir='ltr'><strong>st</strong></span> <span class='ocrx_word' id='word_1_50' title='bbox 1085 1255 1116 1311; x_wconf 91' lang='lat' dir='ltr'><strong>in</strong></span> <span class='ocrx_word' id='word_1_51' title='bbox 1138 1253 1293 1326; x_wconf 77' lang='lat' dir='ltr'><strong>Cicerone,</strong></span> <span class='ocrx_word' id='word_1_52' title='bbox 1324 1273 1383 1311; x_wconf 89' lang='lat' dir='ltr'><strong>non</strong></span> 
     </span>
     <span class='ocr_line' id='line_1_8' title="bbox 263 1361 1385 1440; baseline -0.004 -18"><span class='ocrx_word' id='word_1_53' title='bbox 263 1363 358 1422; x_wconf 85' lang='lat' dir='ltr'><strong>solum</strong></span> <span class='ocrx_word' id='word_1_54' title='bbox 386 1365 457 1440; x_wconf 88' lang='lat' dir='ltr'><strong>quia</strong></span> <span class='ocrx_word' id='word_1_55' title='bbox 478 1363 577 1422; x_wconf 86' lang='lat' dir='ltr'><strong>Plauti</strong></span> <span class='ocrx_word' id='word_1_56' title='bbox 607 1363 754 1423; x_wconf 79' lang='lat' dir='ltr'><strong>comoediae</strong></span> <span class='ocrx_word' id='word_1_57' title='bbox 778 1363 874 1420; x_wconf 90' lang='lat' dir='ltr'><strong>minus</strong></span> <span class='ocrx_word' id='word_1_58' title='bbox 895 1363 1018 1437; x_wconf 74' lang='lat' dir='ltr'><strong>integre</strong></span> <span class='ocrx_word' id='word_1_59' title='bbox 1042 1361 1079 1419; x_wconf 88' lang='lat' dir='ltr'><strong>ad</strong></span> <span class='ocrx_word' id='word_1_60' title='bbox 1101 1381 1155 1420; x_wconf 89' lang='lat' dir='ltr'><strong>nos</strong></span> <span class='ocrx_word' id='word_1_61' title='bbox 1182 1365 1385 1440; x_wconf 87' lang='lat' dir='ltr'><strong>pervenerunt</strong></span> 
     </span>
     <span class='ocr_line' id='line_1_9' title="bbox 262 1469 1383 1548; baseline -0.003 -19"><span class='ocrx_word' id='word_1_62' title='bbox 262 1490 295 1529; x_wconf 91' lang='lat' dir='ltr'><strong>ao</strong></span> <span class='ocrx_word' id='word_1_63' title='bbox 318 1489 396 1546; x_wconf 83' lang='lat' dir='ltr'><strong>saeps</strong></span> <span class='ocrx_word' id='word_1_64' title='bbox 418 1473 635 1547; x_wconf 85' lang='lat' dir='ltr'><strong>tam.grariter</strong></span> <span class='ocrx_word' id='word_1_65' title='bbox 659 1475 806 1548; x_wconf 87' lang='lat' dir='ltr'><strong>corruptae</strong></span> <span class='ocrx_word' id='word_1_66' title='bbox 836 1473 920 1540; x_wconf 87' lang='lat' dir='ltr'><strong>sunt,</strong></span> <span class='ocrx_word' id='word_1_67' title='bbox 950 1474 983 1527; x_wconf 91' lang='lat' dir='ltr'><strong>ut</strong></span> <span class='ocrx_word' id='word_1_68' title='bbox 1009 1470 1069 1528; x_wconf 92' lang='lat' dir='ltr'><strong>leni</strong></span> <span class='ocrx_word' id='word_1_69' title='bbox 1098 1469 1230 1528; x_wconf 88' lang='lat' dir='ltr'><strong>remedio</strong></span> <span class='ocrx_word' id='word_1_70' title='bbox 1257 1487 1304 1526; x_wconf 86' lang='lat' dir='ltr'><strong>res</strong></span> <span class='ocrx_word' id='word_1_71' title='bbox 1335 1469 1383 1544; x_wconf 88' lang='lat' dir='ltr'><strong>agi</strong></span> 
     </span>
     <span class='ocr_line' id='line_1_10' title="bbox 261 1569 1384 1656; baseline -0.003 -19"><span class='ocrx_word' id='word_1_72' title='bbox 261 1597 320 1637; x_wconf 90' lang='lat' dir='ltr'><strong>non</strong></span> <span class='ocrx_word' id='word_1_73' title='bbox 341 1579 454 1656; x_wconf 77' lang='lat' dir='ltr'><strong>possit,</strong></span> <span class='ocrx_word' id='word_1_74' title='bbox 484 1579 536 1638; x_wconf 87' lang='lat' dir='ltr'><strong>sed</strong></span> <span class='ocrx_word' id='word_1_75' title='bbox 559 1582 650 1638; x_wconf 85' lang='lat' dir='ltr'><strong>etiarn</strong></span> <span class='ocrx_word' id='word_1_76' title='bbox 674 1580 744 1655; x_wconf 87' lang='lat' dir='ltr'><strong>quia</strong></span> <span class='ocrx_word' id='word_1_77' title='bbox 766 1577 907 1635; x_wconf 89' lang='lat' dir='ltr'><strong>Plautina</strong></span> <span class='ocrx_word' id='word_1_78' title='bbox 927 1576 1069 1654; x_wconf 90' lang='lat' dir='ltr'><strong>loquendi</strong></span> <span class='ocrx_word' id='word_1_79' title='bbox 1091 1579 1168 1634; x_wconf 88' lang='lat' dir='ltr'><strong>ratio</strong></span> <span class='ocrx_word' id='word_1_80' title='bbox 1191 1569 1289 1636; x_wconf 87' lang='lat' dir='ltr'><strong>miuus</strong></span> <span class='ocrx_word' id='word_1_81' title='bbox 1311 1582 1384 1634; x_wconf 85' lang='lat' dir='ltr'><strong>ncta</strong></span> 
     </span>
     <span class='ocr_line' id='line_1_11' title="bbox 262 1684 1383 1762; baseline -0.001 -19"><span class='ocrx_word' id='word_1_82' title='bbox 262 1691 317 1744; x_wconf 87' lang='lat' dir='ltr'><strong>est.</strong></span> <span class='ocrx_word' id='word_1_83' title='bbox 362 1685 495 1762; x_wconf 80' lang='lat' dir='ltr'><strong>Exiguus</strong></span> <span class='ocrx_word' id='word_1_84' title='bbox 524 1687 732 1746; x_wconf 89' lang='lat' dir='ltr'><strong>Plautinarum</strong></span> <span class='ocrx_word' id='word_1_85' title='bbox 763 1684 972 1745; x_wconf 87' lang='lat' dir='ltr'><strong>comoediarum</strong></span> <span class='ocrx_word' id='word_1_86' title='bbox 1007 1685 1136 1744; x_wconf 80' lang='lat' dir='ltr'><strong>ambitus</strong></span> <span class='ocrx_word' id='word_1_87' title='bbox 1169 1691 1230 1756; x_wconf 84' lang='lat' dir='ltr'><strong>ost,</strong></span> <span class='ocrx_word' id='word_1_88' title='bbox 1265 1685 1289 1742; x_wconf 91' lang='lat' dir='ltr'><strong>si</strong></span> <span class='ocrx_word' id='word_1_89' title='bbox 1319 1705 1383 1742; x_wconf 90' lang='lat' dir='ltr'><strong>oum</strong></span> 
     </span>
     <span class='ocr_line' id='line_1_12' title="bbox 262 1792 1382 1872; baseline -0.003 -21"><span class='ocrx_word' id='word_1_90' title='bbox 262 1795 376 1870; x_wconf 80' lang='lat' dir='ltr'><strong>ingenti</strong></span> <span class='ocrx_word' id='word_1_91' title='bbox 405 1793 556 1854; x_wconf 83' lang='lat' dir='ltr'><strong>Ciceronis</strong></span> <span class='ocrx_word' id='word_1_92' title='bbox 584 1814 708 1872; x_wconf 90' lang='lat' dir='ltr'><strong>corpore</strong></span> <span class='ocrx_word' id='word_1_93' title='bbox 737 1799 936 1871; x_wconf 89' lang='lat' dir='ltr'><strong>comparatur.</strong></span> <span class='ocrx_word' id='word_1_94' title='bbox 992 1792 1076 1865; x_wconf 79' lang='lat' dir='ltr'><strong>Quod</strong></span> <span class='ocrx_word' id='word_1_95' title='bbox 1106 1792 1185 1869; x_wconf 90' lang='lat' dir='ltr'><strong>apud</strong></span> <span class='ocrx_word' id='word_1_96' title='bbox 1214 1792 1382 1851; x_wconf 90' lang='lat' dir='ltr'><strong>Ciceronem</strong></span> 
     </span>
     <span class='ocr_line' id='line_1_13' title="bbox 262 1901 1382 1979; baseline -0.002 -19"><span class='ocrx_word' id='word_1_97' title='bbox 262 1903 372 1961; x_wconf 81' lang='lat' dir='ltr'><strong>centies</strong></span> <span class='ocrx_word' id='word_1_98' title='bbox 401 1901 504 1960; x_wconf 89' lang='lat' dir='ltr'><strong>eodem</strong></span> <span class='ocrx_word' id='word_1_99' title='bbox 531 1902 619 1961; x_wconf 90' lang='lat' dir='ltr'><strong>modo</strong></span> <span class='ocrx_word' id='word_1_100' title='bbox 649 1903 773 1976; x_wconf 88' lang='lat' dir='ltr'><strong>dicitur,</strong></span> <span class='ocrx_word' id='word_1_101' title='bbox 808 1903 833 1960; x_wconf 88' lang='lat' dir='ltr'><strong>si</strong></span> <span class='ocrx_word' id='word_1_102' title='bbox 862 1921 919 1960; x_wconf 93' lang='lat' dir='ltr'><strong>uno</strong></span> <span class='ocrx_word' id='word_1_103' title='bbox 947 1901 1011 1959; x_wconf 94' lang='lat' dir='ltr'><strong>loco</strong></span> <span class='ocrx_word' id='word_1_104' title='bbox 1040 1901 1126 1958; x_wconf 88' lang='lat' dir='ltr'><strong>aliter</strong></span> <span class='ocrx_word' id='word_1_105' title='bbox 1154 1903 1297 1979; x_wconf 90' lang='lat' dir='ltr'><strong>scriptum</strong></span> <span class='ocrx_word' id='word_1_106' title='bbox 1328 1905 1382 1972; x_wconf 87' lang='lat' dir='ltr'><strong>est,</strong></span> 
     </span>
    </p>
   </div>
   <div class='ocr_carea' id='block_1_3' title="bbox 213 2008 1381 2098">
    <p class='ocr_par' dir='ltr' id='par_1_4' title="bbox 213 2008 1381 2098">
     <span class='ocr_line' id='line_1_14' title="bbox 213 2008 1381 2098; baseline -0.003 -30"><span class='ocrx_word' id='word_1_107' title='bbox 213 2091 216 2098; x_wconf 13' lang='grc' dir='ltr'><strong>ἡ</strong></span> <span class='ocrx_word' id='word_1_108' title='bbox 260 2009 398 2070; x_wconf 89' lang='lat' dir='ltr'><strong>mendum</strong></span> <span class='ocrx_word' id='word_1_109' title='bbox 427 2008 609 2069; x_wconf 88' lang='lat' dir='ltr'><strong>confidenter</strong></span> <span class='ocrx_word' id='word_1_110' title='bbox 637 2011 785 2084; x_wconf 86' lang='lat' dir='ltr'><strong>tollimus;</strong></span> <span class='ocrx_word' id='word_1_111' title='bbox 819 2009 899 2088; x_wconf 89' lang='lat' dir='ltr'><strong>apud</strong></span> <span class='ocrx_word' id='word_1_112' title='bbox 922 2008 1057 2067; x_wconf 88' lang='lat' dir='ltr'><strong>Plautum</strong></span> <span class='ocrx_word' id='word_1_113' title='bbox 1085 2011 1136 2086; x_wconf 90' lang='lat' dir='ltr'><strong>qui</strong></span> <span class='ocrx_word' id='word_1_114' title='bbox 1158 2013 1285 2086; x_wconf 91' lang='lat' dir='ltr'><strong>propter</strong></span> <span class='ocrx_word' id='word_1_115' title='bbox 1308 2009 1381 2067; x_wconf 91' lang='lat' dir='ltr'><strong>duos</strong></span> 
     </span>
    </p>
   </div>
   <div class='ocr_carea' id='block_1_4' title="bbox 197 2117 1386 4465">
    <p class='ocr_par' dir='ltr' id='par_1_5' title="bbox 259 2117 1384 3598">
     <span class='ocr_line' id='line_1_15' title="bbox 260 2117 1382 2204; baseline -0.003 -27"><span class='ocrx_word' id='word_1_116' title='bbox 260 2123 313 2177; x_wconf 88' lang='lat' dir='ltr'><strong>aut</strong></span> <span class='ocrx_word' id='word_1_117' title='bbox 334 2123 395 2177; x_wconf 88' lang='lat' dir='ltr'><strong>tres</strong></span> <span class='ocrx_word' id='word_1_118' title='bbox 417 2119 529 2177; x_wconf 90' lang='lat' dir='ltr'><strong>similes</strong></span> <span class='ocrx_word' id='word_1_119' title='bbox 551 2119 631 2177; x_wconf 90' lang='lat' dir='ltr'><strong>locos</strong></span> <span class='ocrx_word' id='word_1_120' title='bbox 653 2138 744 2178; x_wconf 87' lang='lat' dir='ltr'><strong>unum</strong></span> <span class='ocrx_word' id='word_1_121' title='bbox 767 2117 953 2190; x_wconf 77' lang='lat' dir='ltr'><strong>dissimilem,</strong></span> <span class='ocrx_word' id='word_1_122' title='bbox 977 2137 1068 2204; x_wconf 82' lang='lat' dir='ltr'><strong>quum</strong></span> <span class='ocrx_word' id='word_1_123' title='bbox 1091 2122 1250 2194; x_wconf 88' lang='lat' dir='ltr'><strong>utrumque</strong></span> <span class='ocrx_word' id='word_1_124' title='bbox 1274 2137 1328 2194; x_wconf 91' lang='lat' dir='ltr'><strong>per</strong></span> <span class='ocrx_word' id='word_1_125' title='bbox 1352 2137 1382 2175; x_wconf 88' lang='lat' dir='ltr'><strong>se</strong></span> 
     </span>
     <span class='ocr_line' id='line_1_16' title="bbox 260 2225 1381 2303; baseline 0 -19"><span class='ocrx_word' id='word_1_126' title='bbox 260 2231 340 2285; x_wconf 90' lang='lat' dir='ltr'><strong>recte</strong></span> <span class='ocrx_word' id='word_1_127' title='bbox 369 2225 500 2299; x_wconf 88' lang='lat' dir='ltr'><strong>dicatur,</strong></span> <span class='ocrx_word' id='word_1_128' title='bbox 536 2225 742 2303; x_wconf 85' lang='lat' dir='ltr'><strong>corrigendum</strong></span> <span class='ocrx_word' id='word_1_129' title='bbox 771 2227 936 2297; x_wconf 87' lang='lat' dir='ltr'><strong>censuerit,</strong></span> <span class='ocrx_word' id='word_1_130' title='bbox 971 2226 1020 2282; x_wconf 84' lang='lat' dir='ltr'><strong>vix</strong></span> <span class='ocrx_word' id='word_1_131' title='bbox 1053 2227 1125 2283; x_wconf 88' lang='lat' dir='ltr'><strong>satis</strong></span> <span class='ocrx_word' id='word_1_132' title='bbox 1159 2229 1244 2283; x_wconf 86' lang='lat' dir='ltr'><strong>caute</strong></span> <span class='ocrx_word' id='word_1_133' title='bbox 1277 2227 1381 2298; x_wconf 87' lang='lat' dir='ltr'><strong>egerit.</strong></span> 
     </span>
     <span class='ocr_line' id='line_1_17' title="bbox 259 2328 1383 2411; baseline -0.003 -18"><span class='ocrx_word' id='word_1_134' title='bbox 259 2335 307 2393; x_wconf 86' lang='lat' dir='ltr'><strong>An</strong></span> <span class='ocrx_word' id='word_1_135' title='bbox 331 2333 368 2392; x_wconf 87' lang='lat' dir='ltr'><strong>ab</strong></span> <span class='ocrx_word' id='word_1_136' title='bbox 390 2334 507 2393; x_wconf 87' lang='lat' dir='ltr'><strong>editore</strong></span> <span class='ocrx_word' id='word_1_137' title='bbox 531 2335 697 2393; x_wconf 86' lang='lat' dir='ltr'><strong>constantia</strong></span> <span class='ocrx_word' id='word_1_138' title='bbox 719 2333 898 2410; x_wconf 88' lang='lat' dir='ltr'><strong>postulanda</strong></span> <span class='ocrx_word' id='word_1_139' title='bbox 921 2338 967 2391; x_wconf 89' lang='lat' dir='ltr'><strong>est</strong></span> <span class='ocrx_word' id='word_1_140' title='bbox 989 2333 1025 2390; x_wconf 89' lang='lat' dir='ltr'><strong>ab</strong></span> <span class='ocrx_word' id='word_1_141' title='bbox 1048 2334 1112 2411; x_wconf 90' lang='lat' dir='ltr'><strong>ipso</strong></span> <span class='ocrx_word' id='word_1_142' title='bbox 1135 2333 1241 2391; x_wconf 84' lang='lat' dir='ltr'><strong>Plauto</strong></span> <span class='ocrx_word' id='word_1_143' title='bbox 1264 2328 1383 2391; x_wconf 77' lang='lat' dir='ltr'><strong>aliens?</strong></span> 
     </span>
     <span class='ocr_line' id='line_1_18' title="bbox 259 2437 1381 2518; baseline 0 -18"><span class='ocrx_word' id='word_1_144' title='bbox 259 2441 352 2500; x_wconf 80' lang='lat' dir='ltr'><strong>Video</strong></span> <span class='ocrx_word' id='word_1_145' title='bbox 375 2442 514 2518; x_wconf 90' lang='lat' dir='ltr'><strong>equidem</strong></span> <span class='ocrx_word' id='word_1_146' title='bbox 536 2443 632 2500; x_wconf 82' lang='lat' dir='ltr'><strong>virum</strong></span> <span class='ocrx_word' id='word_1_147' title='bbox 655 2440 774 2499; x_wconf 89' lang='lat' dir='ltr'><strong>doctum</strong></span> <span class='ocrx_word' id='word_1_148' title='bbox 800 2447 830 2498; x_wconf 91' lang='lat' dir='ltr'><strong>et</strong></span> <span class='ocrx_word' id='word_1_149' title='bbox 848 2440 884 2498; x_wconf 90' lang='lat' dir='ltr'><strong>ds</strong></span> <span class='ocrx_word' id='word_1_150' title='bbox 902 2441 1009 2499; x_wconf 86' lang='lat' dir='ltr'><strong>Plauto</strong></span> <span class='ocrx_word' id='word_1_151' title='bbox 1027 2440 1102 2498; x_wconf 89' lang='lat' dir='ltr'><strong>bene</strong></span> <span class='ocrx_word' id='word_1_152' title='bbox 1121 2443 1258 2499; x_wconf 86' lang='lat' dir='ltr'><strong>meritum</strong></span> <span class='ocrx_word' id='word_1_153' title='bbox 1284 2437 1332 2513; x_wconf 91' lang='lat'><strong>(0.</strong></span> <span class='ocrx_word' id='word_1_154' title='bbox 1353 2440 1381 2500; x_wconf 87' lang='lat' dir='ltr'><strong>S.</strong></span> 
     </span>
     <span class='ocr_line' id='line_1_19' title="bbox 259 2545 1382 2627; baseline -0.001 -20"><span class='ocrx_word' id='word_1_155' title='bbox 259 2553 290 2607; x_wconf 92' lang='lat' dir='ltr'><strong>in</strong></span> <span class='ocrx_word' id='word_1_156' title='bbox 320 2549 529 2624; x_wconf 78' lang='lat' dir='ltr'><strong>Philologisoh.</strong></span> <span class='ocrx_word' id='word_1_157' title='bbox 559 2549 682 2623; x_wconf 80' lang='lat' dir='ltr'><strong>Anzaig.</strong></span> <span class='ocrx_word' id='word_1_158' title='bbox 715 2550 811 2622; x_wconf 78' lang='lat'><strong>1877,</strong></span> <span class='ocrx_word' id='word_1_159' title='bbox 845 2567 874 2624; x_wconf 91' lang='lat' dir='ltr'><strong>p.</strong></span> <span class='ocrx_word' id='word_1_160' title='bbox 907 2545 959 2620; x_wconf 76' lang='lat'><strong>92)</strong></span> <span class='ocrx_word' id='word_1_161' title='bbox 994 2548 1185 2623; x_wconf 84' lang='lat' dir='ltr'><strong>contendere,</strong></span> <span class='ocrx_word' id='word_1_162' title='bbox 1219 2569 1382 2627; x_wconf 89' lang='lat' dir='ltr'><strong>paucorum</strong></span> 
     </span>
     <span class='ocr_line' id='line_1_20' title="bbox 259 2656 1383 2736; baseline -0.002 -20"><span class='ocrx_word' id='word_1_163' title='bbox 259 2660 437 2736; x_wconf 87' lang='lat' dir='ltr'><strong>scriptorum</strong></span> <span class='ocrx_word' id='word_1_164' title='bbox 467 2677 530 2716; x_wconf 88' lang='lat' dir='ltr'><strong>esse</strong></span> <span class='ocrx_word' id='word_1_165' title='bbox 557 2661 618 2716; x_wconf 91' lang='lat' dir='ltr'><strong>tam</strong></span> <span class='ocrx_word' id='word_1_166' title='bbox 647 2661 758 2715; x_wconf 88' lang='lat' dir='ltr'><strong>certum</strong></span> <span class='ocrx_word' id='word_1_167' title='bbox 787 2661 818 2714; x_wconf 89' lang='lat' dir='ltr'><strong>et</strong></span> <span class='ocrx_word' id='word_1_168' title='bbox 840 2659 1022 2714; x_wconf 74' lang='lat' dir='ltr'><strong>constantem</strong></span> <span class='ocrx_word' id='word_1_169' title='bbox 1046 2656 1162 2715; x_wconf 90' lang='lat' dir='ltr'><strong>dicendi</strong></span> <span class='ocrx_word' id='word_1_170' title='bbox 1185 2677 1269 2716; x_wconf 89' lang='lat' dir='ltr'><strong>usum</strong></span> <span class='ocrx_word' id='word_1_171' title='bbox 1293 2677 1383 2733; x_wconf 89' lang='lat' dir='ltr'><strong>quam</strong></span> 
     </span>
     <span class='ocr_line' id='line_1_21' title="bbox 260 2764 1382 2842; baseline 0 -18"><span class='ocrx_word' id='word_1_172' title='bbox 260 2765 374 2838; x_wconf 85' lang='lat' dir='ltr'><strong>Plauti3</strong></span> <span class='ocrx_word' id='word_1_173' title='bbox 409 2764 461 2824; x_wconf 88' lang='lat' dir='ltr'><strong>sed</strong></span> <span class='ocrx_word' id='word_1_174' title='bbox 488 2785 536 2823; x_wconf 88' lang='lat' dir='ltr'><strong>res</strong></span> <span class='ocrx_word' id='word_1_175' title='bbox 564 2765 706 2824; x_wconf 86' lang='lat' dir='ltr'><strong>habemus</strong></span> <span class='ocrx_word' id='word_1_176' title='bbox 736 2765 790 2822; x_wconf 87' lang='lat' dir='ltr'><strong>hac</strong></span> <span class='ocrx_word' id='word_1_177' title='bbox 825 2764 1021 2822; x_wconf 86' lang='lat' dir='ltr'><strong>affirmatione</strong></span> <span class='ocrx_word' id='word_1_178' title='bbox 1055 2766 1205 2842; x_wconf 90' lang='lat' dir='ltr'><strong>potiores;</strong></span> <span class='ocrx_word' id='word_1_179' title='bbox 1239 2785 1292 2824; x_wconf 86' lang='lat' dir='ltr'><strong>nec</strong></span> <span class='ocrx_word' id='word_1_180' title='bbox 1322 2771 1382 2824; x_wconf 87' lang='lat' dir='ltr'><strong>tam</strong></span> 
     </span>
     <span class='ocr_line' id='line_1_22' title="bbox 260 2873 1381 2950; baseline -0.002 -18"><span class='ocrx_word' id='word_1_181' title='bbox 260 2893 371 2946; x_wconf 89' lang='lat' dir='ltr'><strong>eorum,</strong></span> <span class='ocrx_word' id='word_1_182' title='bbox 396 2874 448 2950; x_wconf 92' lang='lat' dir='ltr'><strong>qui</strong></span> <span class='ocrx_word' id='word_1_183' title='bbox 465 2873 597 2948; x_wconf 85' lang='lat' dir='ltr'><strong>linguam</strong></span> <span class='ocrx_word' id='word_1_184' title='bbox 616 2879 647 2931; x_wconf 90' lang='lat' dir='ltr'><strong>et</strong></span> <span class='ocrx_word' id='word_1_185' title='bbox 665 2875 831 2932; x_wconf 87' lang='lat' dir='ltr'><strong>orationem</strong></span> <span class='ocrx_word' id='word_1_186' title='bbox 849 2874 939 2950; x_wconf 89' lang='lat' dir='ltr'><strong>primi</strong></span> <span class='ocrx_word' id='word_1_187' title='bbox 956 2873 1158 2946; x_wconf 87' lang='lat' dir='ltr'><strong>excoluerunt,</strong></span> <span class='ocrx_word' id='word_1_188' title='bbox 1177 2893 1242 2931; x_wconf 88' lang='lat' dir='ltr'><strong>asse</strong></span> <span class='ocrx_word' id='word_1_189' title='bbox 1253 2873 1381 2946; x_wconf 83' lang='lat' dir='ltr'><strong>videtur,</strong></span> 
     </span>
     <span class='ocr_line' id='line_1_23' title="bbox 259 2980 1382 3058; baseline 0 -18"><span class='ocrx_word' id='word_1_190' title='bbox 259 2987 294 3040; x_wconf 89' lang='lat' dir='ltr'><strong>ut</strong></span> <span class='ocrx_word' id='word_1_191' title='bbox 317 2980 374 3040; x_wconf 93' lang='lat' dir='ltr'><strong>sibi</strong></span> <span class='ocrx_word' id='word_1_192' title='bbox 397 3001 514 3058; x_wconf 87' lang='lat' dir='ltr'><strong>semper</strong></span> <span class='ocrx_word' id='word_1_193' title='bbox 536 2987 672 3040; x_wconf 87' lang='lat' dir='ltr'><strong>constent</strong></span> <span class='ocrx_word' id='word_1_194' title='bbox 694 2985 747 3040; x_wconf 91' lang='lat' dir='ltr'><strong>aut</strong></span> <span class='ocrx_word' id='word_1_195' title='bbox 765 2983 855 3040; x_wconf 89' lang='lat' dir='ltr'><strong>certis</strong></span> <span class='ocrx_word' id='word_1_196' title='bbox 871 2981 986 3058; x_wconf 88' lang='lat' dir='ltr'><strong>legibus</strong></span> <span class='ocrx_word' id='word_1_197' title='bbox 1004 2987 1139 3058; x_wconf 87' lang='lat' dir='ltr'><strong>pareant,</strong></span> <span class='ocrx_word' id='word_1_198' title='bbox 1164 3002 1253 3058; x_wconf 90' lang='lat' dir='ltr'><strong>quam</strong></span> <span class='ocrx_word' id='word_1_199' title='bbox 1272 3000 1382 3055; x_wconf 89' lang='lat' dir='ltr'><strong>eorum,</strong></span> 
     </span>
     <span class='ocr_line' id='line_1_24' title="bbox 260 3085 1382 3167; baseline -0.001 -18"><span class='ocrx_word' id='word_1_200' title='bbox 260 3085 311 3167; x_wconf 90' lang='lat' dir='ltr'><strong>qui</strong></span> <span class='ocrx_word' id='word_1_201' title='bbox 330 3094 469 3148; x_wconf 87' lang='lat' dir='ltr'><strong>accurata</strong></span> <span class='ocrx_word' id='word_1_202' title='bbox 486 3089 654 3148; x_wconf 86' lang='lat' dir='ltr'><strong>scholarum</strong></span> <span class='ocrx_word' id='word_1_203' title='bbox 672 3090 829 3166; x_wconf 86' lang='lat' dir='ltr'><strong>discipline</strong></span> <span class='ocrx_word' id='word_1_204' title='bbox 846 3091 983 3148; x_wconf 84' lang='lat' dir='ltr'><strong>instructi</strong></span> <span class='ocrx_word' id='word_1_205' title='bbox 1001 3092 1031 3146; x_wconf 82' lang='lat' dir='ltr'><strong>et</strong></span> <span class='ocrx_word' id='word_1_206' title='bbox 1049 3089 1205 3147; x_wconf 87' lang='lat' dir='ltr'><strong>exercitati</strong></span> <span class='ocrx_word' id='word_1_207' title='bbox 1222 3089 1382 3167; x_wconf 90' lang='lat' dir='ltr'><strong>prodeunt.</strong></span> 
     </span>
     <span class='ocr_line' id='line_1_25' title="bbox 259 3197 1383 3275; baseline -0.002 -19"><span class='ocrx_word' id='word_1_208' title='bbox 259 3198 406 3275; x_wconf 84' lang='lat' dir='ltr'><strong>Exempla</strong></span> <span class='ocrx_word' id='word_1_209' title='bbox 434 3197 567 3272; x_wconf 86' lang='lat' dir='ltr'><strong>afferam,</strong></span> <span class='ocrx_word' id='word_1_210' title='bbox 600 3217 665 3275; x_wconf 77' lang='lat' dir='ltr'><strong>quae</strong></span> <span class='ocrx_word' id='word_1_211' title='bbox 694 3197 834 3257; x_wconf 87' lang='lat' dir='ltr'><strong>scribenti</strong></span> <span class='ocrx_word' id='word_1_212' title='bbox 862 3217 894 3256; x_wconf 88' lang='lat' dir='ltr'><strong>se</strong></span> <span class='ocrx_word' id='word_1_213' title='bbox 922 3197 1110 3270; x_wconf 89' lang='lat' dir='ltr'><strong>obtulerunt;</strong></span> <span class='ocrx_word' id='word_1_214' title='bbox 1145 3215 1268 3272; x_wconf 88' lang='lat' dir='ltr'><strong>quorum</strong></span> <span class='ocrx_word' id='word_1_215' title='bbox 1293 3217 1383 3274; x_wconf 89' lang='lat' dir='ltr'><strong>quum</strong></span> 
     </span>
     <span class='ocr_line' id='line_1_26' title="bbox 259 3303 1384 3385; baseline -0.002 -21"><span class='ocrx_word' id='word_1_216' title='bbox 259 3305 325 3365; x_wconf 90' lang='lat' dir='ltr'><strong>fieri</strong></span> <span class='ocrx_word' id='word_1_217' title='bbox 347 3309 444 3385; x_wconf 86' lang='lat' dir='ltr'><strong>possit</strong></span> <span class='ocrx_word' id='word_1_218' title='bbox 465 3311 500 3364; x_wconf 91' lang='lat' dir='ltr'><strong>ut</strong></span> <span class='ocrx_word' id='word_1_219' title='bbox 521 3307 552 3364; x_wconf 88' lang='lat' dir='ltr'><strong>in</strong></span> <span class='ocrx_word' id='word_1_220' title='bbox 574 3326 633 3366; x_wconf 92' lang='lat' dir='ltr'><strong>uno</strong></span> <span class='ocrx_word' id='word_1_221' title='bbox 657 3311 688 3365; x_wconf 91' lang='lat' dir='ltr'><strong>et</strong></span> <span class='ocrx_word' id='word_1_222' title='bbox 710 3307 804 3365; x_wconf 86' lang='lat' dir='ltr'><strong>altero</strong></span> <span class='ocrx_word' id='word_1_223' title='bbox 827 3303 1017 3364; x_wconf 76' lang='lat' dir='ltr'><strong>librariorum</strong></span> <span class='ocrx_word' id='word_1_224' title='bbox 1041 3323 1125 3362; x_wconf 89' lang='lat' dir='ltr'><strong>error</strong></span> <span class='ocrx_word' id='word_1_225' title='bbox 1147 3307 1196 3376; x_wconf 89' lang='lat' dir='ltr'><strong>sit,</strong></span> <span class='ocrx_word' id='word_1_226' title='bbox 1220 3309 1283 3362; x_wconf 89' lang='lat' dir='ltr'><strong>tum</strong></span> <span class='ocrx_word' id='word_1_227' title='bbox 1306 3305 1384 3362; x_wconf 87' lang='lat' dir='ltr'><strong>affir-</strong></span> 
     </span>
     <span class='ocr_line' id='line_1_27' title="bbox 260 3413 1384 3492; baseline -0.002 -20"><span class='ocrx_word' id='word_1_228' title='bbox 260 3417 336 3474; x_wconf 86' lang='lat' dir='ltr'><strong>mari</strong></span> <span class='ocrx_word' id='word_1_229' title='bbox 358 3414 431 3472; x_wconf 90' lang='lat' dir='ltr'><strong>nihil</strong></span> <span class='ocrx_word' id='word_1_230' title='bbox 453 3417 562 3490; x_wconf 89' lang='lat' dir='ltr'><strong>potest,</strong></span> <span class='ocrx_word' id='word_1_231' title='bbox 594 3418 624 3472; x_wconf 90' lang='lat' dir='ltr'><strong>et</strong></span> <span class='ocrx_word' id='word_1_232' title='bbox 646 3415 712 3492; x_wconf 88' lang='lat' dir='ltr'><strong>ipsa</strong></span> <span class='ocrx_word' id='word_1_233' title='bbox 734 3413 893 3473; x_wconf 90' lang='lat' dir='ltr'><strong>multitudo</strong></span> <span class='ocrx_word' id='word_1_234' title='bbox 917 3414 1067 3472; x_wconf 88' lang='lat' dir='ltr'><strong>variorum</strong></span> <span class='ocrx_word' id='word_1_235' title='bbox 1091 3413 1293 3490; x_wconf 87' lang='lat' dir='ltr'><strong>exemplorum</strong></span> <span class='ocrx_word' id='word_1_236' title='bbox 1316 3432 1384 3470; x_wconf 91' lang='lat' dir='ltr'><strong>oon-</strong></span> 
     </span>
     <span class='ocr_line' id='line_1_28' title="bbox 260 3521 1135 3598; baseline -0.002 -17"><span class='ocrx_word' id='word_1_237' title='bbox 260 3523 378 3582; x_wconf 79' lang='lat' dir='ltr'><strong>stantiae</strong></span> <span class='ocrx_word' id='word_1_238' title='bbox 400 3521 482 3596; x_wconf 88' lang='lat' dir='ltr'><strong>leges</strong></span> <span class='ocrx_word' id='word_1_239' title='bbox 504 3521 614 3580; x_wconf 86' lang='lat' dir='ltr'><strong>Plauto</strong></span> <span class='ocrx_word' id='word_1_240' title='bbox 636 3523 749 3598; x_wconf 89' lang='lat' dir='ltr'><strong>imponi</strong></span> <span class='ocrx_word' id='word_1_241' title='bbox 771 3542 830 3580; x_wconf 85' lang='lat' dir='ltr'><strong>aon</strong></span> <span class='ocrx_word' id='word_1_242' title='bbox 853 3523 962 3580; x_wconf 89' lang='lat' dir='ltr'><strong>debere</strong></span> <span class='ocrx_word' id='word_1_243' title='bbox 986 3521 1135 3580; x_wconf 88' lang='lat' dir='ltr'><strong>ostendet.</strong></span> 
     </span>
    </p>

    <p class='ocr_par' dir='ltr' id='par_1_6' title="bbox 197 3629 1386 4465">
     <span class='ocr_line' id='line_1_29' title="bbox 344 3629 1385 3707; baseline -0.001 -19"><span class='ocrx_word' id='word_1_244' title='bbox 344 3629 379 3688; x_wconf 91' lang='lat' dir='ltr'><strong>In</strong></span> <span class='ocrx_word' id='word_1_245' title='bbox 412 3631 531 3705; x_wconf 85' lang='lat' dir='ltr'><strong>syntaxi</strong></span> <span class='ocrx_word' id='word_1_246' title='bbox 558 3631 685 3706; x_wconf 87' lang='lat' dir='ltr'><strong>primum</strong></span> <span class='ocrx_word' id='word_1_247' title='bbox 714 3635 839 3707; x_wconf 89' lang='lat' dir='ltr'><strong>apparet</strong></span> <span class='ocrx_word' id='word_1_248' title='bbox 867 3649 953 3706; x_wconf 87' lang='lat' dir='ltr'><strong>quaro</strong></span> <span class='ocrx_word' id='word_1_249' title='bbox 983 3649 1042 3687; x_wconf 92' lang='lat' dir='ltr'><strong>non</strong></span> <span class='ocrx_word' id='word_1_250' title='bbox 1070 3629 1187 3704; x_wconf 88' lang='lat' dir='ltr'><strong>legibus</strong></span> <span class='ocrx_word' id='word_1_251' title='bbox 1222 3629 1385 3688; x_wconf 87' lang='lat' dir='ltr'><strong>adstrictus</strong></span> 
     </span>
     <span class='ocr_line' id='line_1_30' title="bbox 260 3737 1385 3815; baseline -0.001 -18"><span class='ocrx_word' id='word_1_252' title='bbox 260 3740 309 3798; x_wconf 90' lang='lat' dir='ltr'><strong>sit.</strong></span> <span class='ocrx_word' id='word_1_253' title='bbox 344 3738 379 3797; x_wconf 87' lang='lat' dir='ltr'><strong>Ic</strong></span> <span class='ocrx_word' id='word_1_254' title='bbox 398 3737 682 3812; x_wconf 82' lang='lat' dir='ltr'><strong>interrogationibus</strong></span> <span class='ocrx_word' id='word_1_255' title='bbox 701 3739 830 3815; x_wconf 88' lang='lat' dir='ltr'><strong>obliquis</strong></span> <span class='ocrx_word' id='word_1_256' title='bbox 847 3739 968 3796; x_wconf 89' lang='lat' dir='ltr'><strong>incertis</strong></span> <span class='ocrx_word' id='word_1_257' title='bbox 985 3737 1092 3796; x_wconf 86' lang='lat' dir='ltr'><strong>finibus</strong></span> <span class='ocrx_word' id='word_1_258' title='bbox 1109 3738 1291 3796; x_wconf 89' lang='lat' dir='ltr'><strong>discernitur</strong></span> <span class='ocrx_word' id='word_1_259' title='bbox 1308 3740 1385 3797; x_wconf 91' lang='lat' dir='ltr'><strong>indi·</strong></span> 
     </span>
     <span class='ocr_line' id='line_1_31' title="bbox 261 3845 1384 3923; baseline -0.001 -18"><span class='ocrx_word' id='word_1_260' title='bbox 261 3847 373 3905; x_wconf 87' lang='lat' dir='ltr'><strong>cativus</strong></span> <span class='ocrx_word' id='word_1_261' title='bbox 396 3867 414 3905; x_wconf 91' lang='lat' dir='ltr'><strong>a</strong></span> <span class='ocrx_word' id='word_1_262' title='bbox 436 3847 632 3920; x_wconf 86' lang='lat' dir='ltr'><strong>coniunctivo,</strong></span> <span class='ocrx_word' id='word_1_263' title='bbox 656 3865 684 3906; x_wconf 85' lang='lat' dir='ltr'><strong>v.</strong></span> <span class='ocrx_word' id='word_1_264' title='bbox 708 3845 747 3904; x_wconf 85' lang='lat' dir='ltr'><strong>ad</strong></span> <span class='ocrx_word' id='word_1_265' title='bbox 769 3845 875 3923; x_wconf 88' lang='lat' dir='ltr'><strong>Amph.</strong></span> <span class='ocrx_word' id='word_1_266' title='bbox 902 3848 1009 3919; x_wconf 76' lang='lat'>173111</span> <span class='ocrx_word' id='word_1_267' title='bbox 1033 3845 1286 3906; x_wconf 85' lang='lat' dir='ltr'><strong>enuntiationibus</strong></span> <span class='ocrx_word' id='word_1_268' title='bbox 1309 3847 1384 3905; x_wconf 87' lang='lat' dir='ltr'><strong>rela-</strong></span> 
     </span>
     <span class='ocr_line' id='line_1_32' title="bbox 258 3953 1384 4032; baseline 0.002 -20"><span class='ocrx_word' id='word_1_269' title='bbox 258 3955 329 4013; x_wconf 84' lang='lat' dir='ltr'><strong>tivis</strong></span> <span class='ocrx_word' id='word_1_270' title='bbox 352 3954 389 4012; x_wconf 88' lang='lat' dir='ltr'><strong>ad</strong></span> <span class='ocrx_word' id='word_1_271' title='bbox 411 3973 574 4032; x_wconf 90' lang='lat' dir='ltr'><strong>pronomen</strong></span> <span class='ocrx_word' id='word_1_272' title='bbox 601 3953 789 4013; x_wconf 86' lang='lat' dir='ltr'><strong>indefinitum</strong></span> <span class='ocrx_word' id='word_1_273' title='bbox 818 3954 921 4012; x_wconf 89' lang='lat' dir='ltr'><strong>relatis</strong></span> <span class='ocrx_word' id='word_1_274' title='bbox 949 3956 1035 4028; x_wconf 88' lang='lat' dir='ltr'><strong>item,</strong></span> <span class='ocrx_word' id='word_1_275' title='bbox 1065 3975 1093 4013; x_wconf 84' lang='lat' dir='ltr'><strong>v.</strong></span> <span class='ocrx_word' id='word_1_276' title='bbox 1117 3954 1155 4012; x_wconf 89' lang='lat' dir='ltr'><strong>ad</strong></span> <span class='ocrx_word' id='word_1_277' title='bbox 1178 3955 1286 4032; x_wconf 82' lang='lat' dir='ltr'><strong>Amph.</strong></span> <span class='ocrx_word' id='word_1_278' title='bbox 1313 3957 1384 4014; x_wconf 81' lang='grc'><strong>167.</strong></span> 
     </span>
     <span class='ocr_line' id='line_1_33' title="bbox 260 4061 1385 4140; baseline 0.001 -19"><span class='ocrx_word' id='word_1_279' title='bbox 260 4061 366 4122; x_wconf 87' lang='lat' dir='ltr'><strong>Bacch.</strong></span> <span class='ocrx_word' id='word_1_280' title='bbox 386 4063 434 4121; x_wconf 85' lang='grc'><strong>64.</strong></span> <span class='ocrx_word' id='word_1_281' title='bbox 475 4062 510 4120; x_wconf 93' lang='lat' dir='ltr'><strong>In</strong></span> <span class='ocrx_word' id='word_1_282' title='bbox 527 4063 681 4121; x_wconf 88' lang='lat' dir='ltr'><strong>sententiis</strong></span> <span class='ocrx_word' id='word_1_283' title='bbox 697 4064 826 4121; x_wconf 88' lang='lat' dir='ltr'><strong>orationi</strong></span> <span class='ocrx_word' id='word_1_284' title='bbox 844 4062 971 4140; x_wconf 82' lang='lat' dir='ltr'><strong>obliquae</strong></span> <span class='ocrx_word' id='word_1_285' title='bbox 990 4063 1175 4140; x_wconf 85' lang='lat' dir='ltr'><strong>interpositis</strong></span> <span class='ocrx_word' id='word_1_286' title='bbox 1193 4063 1244 4121; x_wconf 91' lang='lat' dir='ltr'><strong>sed</strong></span> <span class='ocrx_word' id='word_1_287' title='bbox 1261 4065 1385 4140; x_wconf 86' lang='lat' dir='ltr'><strong>proprie</strong></span> 
     </span>
     <span class='ocr_line' id='line_1_34' title="bbox 261 4169 1385 4248; baseline 0.002 -20"><span class='ocrx_word' id='word_1_288' title='bbox 261 4170 384 4229; x_wconf 86' lang='lat' dir='ltr'><strong>adeam</strong></span> <span class='ocrx_word' id='word_1_289' title='bbox 407 4188 466 4228; x_wconf 91' lang='lat' dir='ltr'><strong>non</strong></span> <span class='ocrx_word' id='word_1_290' title='bbox 487 4171 707 4248; x_wconf 87' lang='lat' dir='ltr'><strong>pertinentibus</strong></span> <span class='ocrx_word' id='word_1_291' title='bbox 728 4169 878 4229; x_wconf 89' lang='lat' dir='ltr'><strong>interdum</strong></span> <span class='ocrx_word' id='word_1_292' title='bbox 901 4172 1089 4230; x_wconf 90' lang='lat' dir='ltr'><strong>attractionis</strong></span> <span class='ocrx_word' id='word_1_293' title='bbox 1112 4171 1242 4248; x_wconf 88' lang='lat' dir='ltr'><strong>quadam</strong></span> <span class='ocrx_word' id='word_1_294' title='bbox 1266 4173 1297 4229; x_wconf 78' lang='lat' dir='ltr'><strong>ri</strong></span> <span class='ocrx_word' id='word_1_295' title='bbox 1316 4191 1385 4230; x_wconf 88' lang='lat' dir='ltr'><strong>con·</strong></span> 
     </span>
     <span class='ocr_line' id='line_1_35' title="bbox 259 4277 1385 4356; baseline 0.004 -20"><span class='ocrx_word' id='word_1_296' title='bbox 259 4280 409 4337; x_wconf 89' lang='lat' dir='ltr'><strong>iunctivus</strong></span> <span class='ocrx_word' id='word_1_297' title='bbox 427 4278 557 4356; x_wconf 90' lang='lat' dir='ltr'><strong>ponitur,</strong></span> <span class='ocrx_word' id='word_1_298' title='bbox 580 4299 608 4338; x_wconf 85' lang='lat' dir='ltr'><strong>v.</strong></span> <span class='ocrx_word' id='word_1_299' title='bbox 621 4277 659 4336; x_wconf 90' lang='lat' dir='ltr'><strong>ad</strong></span> <span class='ocrx_word' id='word_1_300' title='bbox 677 4277 783 4356; x_wconf 84' lang='lat' dir='ltr'><strong>Amph.</strong></span> <span class='ocrx_word' id='word_1_301' title='bbox 798 4281 869 4340; x_wconf 81' lang='lat'>952.</span> <span class='ocrx_word' id='word_1_302' title='bbox 903 4281 1010 4340; x_wconf 87' lang='lat' dir='ltr'><strong>Bacch.</strong></span> <span class='ocrx_word' id='word_1_303' title='bbox 1025 4283 1095 4339; x_wconf 87' lang='grc'>658.</span> <span class='ocrx_word' id='word_1_304' title='bbox 1129 4279 1164 4338; x_wconf 92' lang='lat' dir='ltr'><strong>In</strong></span> <span class='ocrx_word' id='word_1_305' title='bbox 1182 4279 1385 4356; x_wconf 81' lang='lat' dir='ltr'><strong>hypotheticis</strong></span> 
     </span>
     <span class='ocr_line' id='line_1_36' title="bbox 197 4386 1386 4465; baseline 0.004 -22"><span class='ocrx_word' id='word_1_306' title='bbox 197 4453 201 4458; x_wconf 31' lang='grc' dir='ltr'>Ι</span> <span class='ocrx_word' id='word_1_307' title='bbox 260 4386 408 4444; x_wconf 88' lang='lat' dir='ltr'><strong>interdum</strong></span> <span class='ocrx_word' id='word_1_308' title='bbox 427 4389 560 4444; x_wconf 83' lang='lat' dir='ltr'><strong>variatur</strong></span> <span class='ocrx_word' id='word_1_309' title='bbox 578 4387 689 4460; x_wconf 83' lang='lat' dir='ltr'><strong>modus,</strong></span> <span class='ocrx_word' id='word_1_310' title='bbox 713 4407 740 4446; x_wconf 88' lang='lat' dir='ltr'><strong>v.</strong></span> <span class='ocrx_word' id='word_1_311' title='bbox 755 4387 794 4444; x_wconf 88' lang='lat' dir='ltr'><strong>ed</strong></span> <span class='ocrx_word' id='word_1_312' title='bbox 805 4387 913 4465; x_wconf 85' lang='lat' dir='ltr'><strong>Amph.</strong></span> <span class='ocrx_word' id='word_1_313' title='bbox 928 4389 1003 4461; x_wconf 76' lang='lat'><strong>6963</strong></span> <span class='ocrx_word' id='word_1_314' title='bbox 1027 4407 1083 4447; x_wconf 88' lang='lat' dir='ltr'><strong>neo</strong></span> <span class='ocrx_word' id='word_1_315' title='bbox 1102 4391 1197 4448; x_wconf 87' lang='lat' dir='ltr'><strong>maior</strong></span> <span class='ocrx_word' id='word_1_316' title='bbox 1214 4391 1386 4448; x_wconf 90' lang='lat' dir='ltr'><strong>constantia</strong></span> 
     </span>
    </p>
   </div>
   <div class='ocr_carea' id='block_1_5' title="bbox 0 0 1484 5012">
    <p class='ocr_par' dir='ltr' id='par_1_7' title="bbox 0 0 1484 5012">
     <span class='ocr_line' id='line_1_37' title="bbox 0 0 1484 5012; baseline 0 0"><span class='ocrx_word' id='word_1_317' title='bbox 0 0 1484 5012; x_wconf 95' lang='lat' dir='ltr'><strong> </strong></span> 
     </span>
    </p>
   </div>
  </div>
 </body>
</html>
