2960 5012
325 533 366 594 28
838 528 931 584 Plauti

323 717 450 783 Deinde
473 723 600 801 egomet
622 738 747 782 meeum
771 717 916 800 cogitare
937 718 1025 784 inter
1045 717 1117 784 uias

324 827 458 911 Occepi:
482 827 566 892 festo
590 826 642 892 die
664 827 692 890 si
714 825 794 909 quid
816 824 1014 908 prodegeris,

323 933 474 1001 Profesto
498 955 591 1017 egere
614 933 722 1013 liceat,
744 934 807 998 nisi
829 935 1025 1017 peperceris.

322 1039 504 1126 Postquam
526 1043 610 1108 hano
633 1043 795 1107 rationem
816 1043 925 1106 uentri
948 1042 1103 1124 cordique
1125 1041 1223 1121 edidi,

323 1151 478 1216 Adcessit
500 1151 628 1216 animus
652 1150 694 1214 ad
716 1171 788 1214 eam
810 1149 891 1214 mihi
913 1151 1117 1230 sententiam,
1384 1165 1423 1217 375

325 1258 431 1336 Quam
453 1260 597 1324 minume
620 1263 751 1343 sumptu
773 1256 875 1322 filiam
898 1263 936 1321 ut
957 1263 1095 1341 nuptum
1117 1257 1238 1323 darem.

324 1367 419 1432 Nunc
441 1367 606 1432 tusculum
629 1367 691 1431 emi
714 1372 747 1430 et
769 1365 828 1430 has
852 1385 990 1430 coronas
1012 1363 1148 1445 floreus3

324 1475 415 1539 Haeo
437 1476 634 1558 inponeretur
655 1475 689 1538 in
710 1473 784 1538 foco
807 1479 922 1540 nostro
945 1473 1030 1552 Lari,

194 1609 208 1628 ν
320 1583 371 1664 Ut
393 1581 580 1648 fortunatas
602 1581 702 1646 faeiat
723 1587 844 1664 gnatae
865 1581 1007 1664 nuptias.
1030 1617 1073 1626 —

327 1691 391 1755 Sed
413 1689 493 1772 qnid
515 1711 574 1772 ego
598 1696 730 1773 apertas
753 1689 844 1753 aedis
867 1695 998 1754 nostras
1021 1689 1215 1773 conspicor?
1386 1705 1426 1758 380

325 1800 367 1864 Et
390 1798 563 1882 strepitust
585 1799 682 1862 intus.
722 1796 884 1861 Numnam
907 1817 967 1878 ego
990 1797 1147 1881 compilor
1170 1798 1288 1862 miser?

658 1905 660 1912 '
798 1903 972 1987 Congrio

327 2015 445 2078 Aulam
467 2014 632 2092 maiorem,
654 2013 682 2077 si
704 2017 792 2096 pote,
816 2033 833 2076 e
855 2013 978 2078 uicinia

325 2123 420 2202 Pete;
446 2121 528 2187 haec
551 2127 602 2186 est
624 2141 744 2204 parua3
767 2141 883 2203 capere
905 2141 972 2186 non
994 2121 1075 2206 quit.

816 2227 959 2295 Euclio

782 2338 785 2344 ’
1113 2335 1153 2400 Ei
1175 2335 1269 2400 mihi!

327 2447 413 2512 Perii
435 2444 560 2510 hercle!
585 2466 700 2509 aurum
722 2445 866 2528 rapitur;
889 2445 966 2510 aula
989 2445 1166 2528 quaeritur.
1469 2339 1475 2545 l

328 2553 502 2637 [Nimirum
535 2555 681 2629 occidor,
721 2552 785 2616 nisi
827 2571 886 2634 ego
918 2553 1004 2618 intro
1037 2552 1102 2618 huc
1134 2573 1272 2636 propere
1305 2571 1430 2637 propero
1471 2550 1474 2561 '

1040 2659 1195 2744 currere]
1391 2675 1431 2730 385

328 2770 455 2852 Apollo,
480 2789 611 2850 quaeso,
636 2767 774 2833 subueni
796 2767 876 2832 mihi
898 2774 997 2851 atque
1020 2769 1152 2850 adiuua,

328 2875 459 2960 Confige
483 2878 611 2960 sagittis
633 2875 721 2941 fures
744 2875 1003 2956 thensaurarios,

328 2986 365 3050 Si
387 2985 466 3068 quoi
487 2985 521 3049 in
543 3005 578 3048 re
600 2983 661 3050 tali
684 2984 866 3049 subueniati
887 2983 1052 3076 antidhac.

328 3093 391 3160 Sed
414 3114 505 3158 cesso
528 3095 628 3176 priua,
651 3114 748 3175 quam
771 3113 907 3176 prorsus
930 3092 1023 3176 perii,
1047 3111 1187 3156 currere.

789 3314 982 3326 ——n

777 3483 993 3550 ANTHRAX.

327 3641 458 3719 Dromo,
483 3638 662 3722 desquama
684 3639 793 3723 piscis.
838 3639 896 3719 Tu,
921 3619 1117 3718 Machaerio,

328 3746 501 3830 Congrum,
524 3768 713 3811 muraenam
736 3747 907 3826 exdorsua,
931 3753 1090 3830 qnantum
1111 3749 1228 3829 potest.

327 3855 397 3938 Ego
421 3855 496 3919 hinc
519 3860 684 3937 artoptam
707 3876 748 3918 ex
770 3875 928 3938 proxumo
951 3855 1107 3920 utendam
1128 3860 1205 3938 peto

329 3965 355 4027 Α
378 3963 570 4046 Congrione.
616 3963 665 4026 Tu
688 3963 786 4027 istum
809 3962 941 4044 gallum,
965 3964 993 4028 si
1015 3963 1112 4046 sapis,

395 4241 445 4294 375
464 4239 500 4293 ad
518 4257 607 4292 meum
626 4239 794 4293 sententiam
837 4241 889 4294 377
905 4241 989 4294 hasce
1032 4240 1083 4292 378
1099 4239 1302 4306 imponeuntur
1355 4237 1400 4291 339
1416 4231 1435 4282 si

325 4329 406 4394 potes
425 4325 527 4378 uicinia
562 4326 612 4378 338
631 4323 681 4378 Cui
700 4325 729 4378 in
747 4341 776 4378 re
794 4326 862 4379 talia
880 4323 999 4380 subueni
1032 4323 1101 4379 Post
1119 4327 1169 4378 389
1186 4325 1218 4377 in
1236 4323 1315 4378 titurio
1334 4315 1434 4376 CCCUS

327 4412 377 4462 390
395 4408 594 4462 DROMODES
613 4427 696 4478 quam
714 4410 816 4480 aspicis
886 4414 935 4466 991
954 4426 1098 4465 murenam
1117 4415 1247 4463 exossata
1264 4407 1307 4462 fac
1327 4409 1398 4462 sient
1471 4459 1472 4484 ἶ
