2922 5006
243 501 305 562 218
755 497 847 552 Plauti

669 686 946 756 Phaedromus

242 793 304 874 Me,
327 801 361 861 te
383 799 483 878 atque
504 793 606 862 hoece
630 797 743 861 omnis.

695 904 914 971 Palinurus

779 1012 859 1076 Tum
882 1019 918 1078 tu
941 1012 1106 1081 Uenerem
1128 1037 1260 1084 uomere
1281 1020 1333 1084 uie.

668 1120 940 1188 Phaedromus

242 1226 338 1308 Cedo,
360 1248 471 1311 puere,
495 1229 609 1292 sinum.
709 1257 711 1261 ·

690 1336 913 1404 Palinurus

667 1443 752 1522 Quid
775 1445 972 1512 facturusue

661 1553 939 1621 Phaedromus

993 1663 1063 1730 Iem
1086 1666 1179 1731 ecies.
1323 1683 1351 1734 75

241 1753 330 1838 Anus
352 1772 406 1836 hio
430 1771 576 1836 cubitare
600 1777 712 1836 eustos
736 1771 820 1836 solet
842 1773 975 1838 ianitrix
996 1807 1039 1818 -

240 1881 367 1946 Nomen
391 1879 573 1946 Leeenuest
597 1914 633 1925 -
659 1879 833 1945 multibiba
856 1885 955 1962 utque
979 1881 1155 1947 morobibu.

692 1985 912 2052 Palinurus

242 2095 343 2173 Quasi
365 2103 402 2161 tu
425 2096 596 2178 lagoenam
620 2095 721 2174 dione,
744 2095 802 2163 ubi
825 2098 937 2161 uinum
962 2095 1075 2162 Chium

242 2203 332 2270 Solet
355 2225 435 2270 esse.

665 2311 938 2378 Phaedromus

488 2417 573 2498 Quid
596 2427 693 2504 opust
714 2419 846 2486 uerbis?
868 2423 1130 2487 uinosissumast.

239 2528 352 2612 quue
376 2527 539 2612 extemplo
562 2528 619 2593 ubi
641 2549 696 2611 eyo
718 2529 794 2594 uino
817 2529 878 2594 hae
902 2531 1068 2614 conspersi
1091 2528 1181 2609 forie,
1321 2543 1350 2594 eo

240 2637 288 2701 De
312 2635 412 2701 odore
435 2636 551 2702 adesse
573 2657 624 2701 me
649 2637 718 2715 soit,
742 2637 849 2720 aperit
871 2637 957 2703 ilioo.

691 2761 911 2828 Palinurus

239 2869 320 2936 Eine
343 2870 398 2936 hie
423 2891 497 2936 eum
520 2871 598 2935 uino
622 2870 709 2934 sinus
732 2868 857 2936 fertur?

662 2977 938 3044 Phaedromus

905 3087 977 3154 Nisi
999 3089 1102 3153 nouis.

690 3194 910 3260 Palinurus

237 3303 320 3369 Nolo
344 3303 470 3384 horole3
493 3324 569 3369 nam
592 3303 648 3368 isti
671 3303 757 3368 huno
780 3304 836 3386 qui
859 3303 923 3369 fert
946 3303 1116 3370 adflictum
1139 3305 1252 3384 uelim;

238 3411 310 3494 Ego
333 3411 428 3477 nobis
450 3411 530 3478 ferri
553 3413 674 3477 oeneui.

663 3519 941 3585 Phaedromus

722 3626 806 3705 Quin
829 3634 865 3692 tu
888 3629 1005 3694 taces?

240 3735 274 3802 Si
298 3737 376 3820 quid
400 3756 499 3819 super
520 3735 569 3801 illi
591 3735 699 3817 fuerit,
722 3737 756 3800 id
780 3737 874 3802 nobis
899 3743 951 3802 eat
974 3743 1031 3802 est.

692 3845 912 3910 Palinurus

153 3957 156 3964 ‘
238 3953 397 4032 Quisnam
420 3953 495 4019 isoio
517 3951 665 4032 fluuiust,
690 3973 784 4036 quem
808 3975 873 4020 non
895 3954 1033 4038 recipiat
1055 3955 1167 4020 mere?

240 4134 333 4142 ,ιο-
340 4133 465 4142 unu—-

305 4233 339 4285 75
356 4230 482 4286 fecturus
536 4233 569 4284 76
586 4231 660 4292 ,uolet
677 4235 771 4285 eustos
825 4235 858 4287 m
876 4233 986 4288 Nomen
1005 4235 1047 4286 est
1066 4231 1145 4286 leone
1193 4228 1284 4285 'te-el
1302 4220 1340 4276 iri·

236 4315 288 4372 buo
305 4317 437 4372 omnbus.
493 4317 527 4370 80
546 4332 597 4385 ego
616 4331 665 4372 om.
719 4319 821 4372 82—85
839 4319 926 4373 tribuo
943 4317 1078 4373 neruiue.
1131 4319 1165 4372 83
1182 4315 1250 4371 Nom
1265 4311 1342 4364 isi-uno

237 4403 285 4470 qui
350 4405 385 4456 84
403 4400 505 4455 adferri
557 4404 704 4457 8511111.
