2960 5012
66 499 101 564 Ill,
112 503 141 568 10,
150 502 245 556 18-32
527 500 676 556 Aulularia

65 689 124 754 Luci
143 689 225 755 claro
250 689 448 774 deripiamus
470 709 586 754 aurum
608 689 767 756 matronis
790 689 915 772 palam3

64 797 152 862 Postid
172 799 198 862 si
221 798 369 882 deprensi
392 797 504 876 simus,
527 818 731 878 excusemus,
755 797 864 863 ebrios

62 904 112 970 Nos
130 905 237 972 fecisse
261 906 381 970 amoris
404 925 513 970 causa.
558 905 662 971 Nimis
685 905 784 970 uilest
807 905 920 970 uinum
938 912 1037 989 atque
1055 926 1154 989 amor,

61 1011 87 1077 Si
105 1013 182 1078 ebrio
203 1019 304 1098 atque
327 1014 450 1079 amanti
471 1013 592 1097 inpune
614 1012 732 1093 facere,
756 1013 845 1097 quod
866 1013 989 1094 lubeat,
1012 1014 1098 1080 licet.

484 1121 707 1205 Lyconides

60 1227 126 1306 Quin
145 1229 202 1295 tibi
224 1228 314 1294 ultro
338 1227 558 1312 supplicatum
580 1231 677 1295 uenio
700 1228 741 1295 ob
766 1228 943 1295 stultitiam
960 1250 1074 1295 meam.
1105 1245 1155 1300 745

524 1336 666 1403 Euclio

58 1442 115 1508 Non
144 1443 217 1509 mihi
246 1443 393 1508 homines
421 1441 566 1527 placent,
602 1445 672 1527 qui,
712 1444 844 1530 quando
878 1444 963 1510 male
998 1444 1156 1526 lecerunt,

750 1553 930 1637 purgitant.

59 1657 96 1722 lu
115 1659 196 1724 illam
220 1659 328 1725 scibas
350 1680 414 1723 nou
437 1665 528 1724 tuam
551 1679 640 1740 esse;
662 1681 727 1725 non
751 1659 918 1726 adtactam
941 1661 1096 1744 oportuit.

481 1763 707 1852 Lyconides

59 1873 127 1957 Ergo
147 1877 221 1958 quia
243 1895 315 1940 sum
337 1879 471 1956 tangere
495 1895 601 1954 ausus,
624 1874 714 1940 baud
737 1875 917 1956 causificor,
942 1877 1020 1960 quin
1043 1897 1115 1942 eam

58 1980 114 2062 Ego
133 1983 272 2048 habeam
294 1983 520 2066 potissumum.

524 2089 669 2154 Euclio

562 2197 633 2263 Tun
655 2195 779 2262 habeas
805 2218 857 2262 me
880 2197 984 2264 inuito
1006 2199 1135 2264 meam?

483 2305 710 2390 Lyconides

57 2409 179 2479 Huudtc
190 2415 296 2480 inuito
307 2412 455 2498 postulo;
478 2413 536 2479 sed
552 2433 658 2478 meam
676 2433 747 2478 esse
766 2419 918 2496 oportere
930 2413 1082 2480 arbitror.
1107 2430 1159 2485 750

56 2519 125 2596 Quin
145 2530 180 2587 tu
203 2525 269 2587 iam
291 2523 453 2602 inuenies,
482 2523 630 2604 inquam,
659 2541 766 2587 meam
788 2521 878 2586 illam
902 2543 974 2587 csse
998 2528 1158 2608 oportere,
1284 2537 1286 2542 '

755 2629 881 2696 Euclio.

526 2737 668 2804 Euclio

55 2836 111 2905 Nisi
132 2843 231 2910 refers
253 2881 296 2892 -
548 2847 553 2859 “

487 2949 712 3036 Lyconides

262 3057 348 3138 Quid
369 3059 432 3124 tibi
455 3067 514 3141 ego
536 3059 701 3125 referam?
761 3101 765 3108 ·

526 3147 671 3234 Euclio

709 3276 803 3356 Quod
826 3277 1019 3362 subripuisti
1040 3297 1157 3356 meum,

50 3375 109 3443 Iam
130 3383 259 3466 quidem
281 3381 390 3448 hercle
413 3389 447 3447 te
469 3381 512 3447 ad
534 3391 720 3467 praetorem
739 3385 867 3469 rapiam
885 3393 918 3450 et
934 3385 995 3450 tibi
1016 3384 1158 3450 scribam

752 3493 870 3559 dicam.

483 3598 710 3682 Lyconides

51 3694 192 3788 Subripui
213 3727 273 3790 ego
295 3707 410 3771 tuum?
450 3705 565 3772 Unde?
589 3715 647 3772 aut
670 3707 748 3791 quid
771 3708 805 3772 id
828 3709 898 3774 est?

523 3815 667 3881 Euclio

723 3923 775 3989 Ita
797 3931 830 3989 te
853 3925 976 3990 amobit
998 3923 1156 4009 luppiter,

49 4016 84 4085 Ut
103 4033 139 4090 tu
161 4031 275 4096 nescis.

69 4195 85 4199 .-

105 4279 339 4340 741Luoeclaru
407 4287 463 4339 1742
480 4287 575 4356 prensi
645 4287 764 4342 7441iet
830 4289 879 4341 751
901 4293 932 4340 tu
951 4303 1011 4342 eam
1028 4285 1157 4342 inuenies

47 4355 91 4411 754
107 4363 228 4438 Sum-ipio
342 4371 430 4426 ambit

875 4475 894 4527 4
