2916 5006
237 488 301 550 402
720 477 881 533 Bacchides.

237 679 397 750 sententia,
417 695 471 734 nec
482 675 643 751 proximus,
662 695 721 751 quo
739 675 894 747 referatur,
913 674 1012 734 habet.
1045 674 1160 734 Nonius
1176 697 1247 735 vero
1258 697 1287 753 p.
1300 679 1356 736 75:

241 777 427 857 ,Affectara
445 778 571 837 adicere.
605 776 728 836 Plautus
745 775 955 836 Bacchidibus:
979 782 1033 836 tua
1050 776 1166 855 flagitia
1185 785 1239 837 aut
1255 779 1358 837 damna
1456 803 1457 846 i

237 889 289 942 aut
311 880 523 958 dispoliabula,
554 879 666 952 Quibus
695 883 811 956 patrem
839 884 938 938 etms
961 885 1050 956 teque
1073 881 1243 957 amicosque
1266 883 1358 940 omnis
1455 891 1457 962 j

236 987 357 1044 affectas
379 981 476 1042 tucs“.
519 982 558 1040 Et
582 983 624 1040 sic
641 980 844 1054 scribendum
868 975 1000 1056 affectas
1022 981 1168 1059 significat
1193 981 1358 1056 „conaris“,
1456 987 1457 1048 ξ

235 1095 270 1148 ut
287 1086 366 1165 apud
383 1085 459 1146 Stat.
479 1085 571 1144 Theb.
598 1087 623 1157 l,
650 1085 726 1142 132:
754 1084 913 1157 ,juvencos
933 1085 1063 1161 agricola
1084 1087 1226 1162 imposito
1250 1087 1358 1144 sociare

236 1191 357 1249 affectat
379 1185 509 1247 aratro“.
544 1186 602 1246 Sed
619 1191 713 1245 restat
731 1185 789 1243 alia
806 1185 963 1246 dubitandi
983 1207 1088 1260 causa;
1112 1209 1179 1247 nam
1198 1209 1227 1248 v.
1242 1191 1301 1248 374
1315 1211 1357 1267 sq.

236 1297 278 1352 ita
301 1291 411 1350 similes
434 1295 504 1348 sunt
526 1289 661 1348 versibus
680 1287 739 1348 377
758 1309 812 1365 sq,
836 1294 870 1347 ut
892 1290 988 1349 altero
1011 1309 1149 1348 versuum
1172 1295 1239 1369 pari
1262 1313 1359 1352 carere

237 1396 410 1466 debeamus,
430 1411 521 1469 quare
534 1391 659 1450 Guietus
670 1395 864 1469 posteriores,
877 1392 1056 1452 Ritschelius
1069 1395 1186 1470 priores
1198 1393 1358 1455 damnavit.

235 1496 345 1571 Bergk.
359 1496 448 1554 etiem
470 1491 625 1568 (Zeitschr.
636 1493 656 1552 f.
673 1495 802 1554 Alterth.
819 1497 910 1567 1850,
923 1517 953 1573 p.
968 1497 1041 1566 330)
1054 1501 1083 1554 et
1094 1495 1139 1556 Fl.
1152 1513 1181 1556 v.
1197 1499 1257 1556 379
1270 1519 1359 1576 prop·

236 1607 283 1658 ter
307 1600 367 1658 380
388 1597 577 1656 damnabant.
622 1595 724 1656 Goetz.
747 1599 813 1655 Act.
833 1596 916 1675 Lips.
937 1598 986 1671 VI,
1010 1617 1038 1674 p.
1060 1601 1120 1656 259
1140 1619 1186 1658 vv.
1213 1603 1357 1660 376-79

236 1703 480 1761 retractationem
502 1719 640 1758 ramnum
659 1701 804 1758 372-75
822 1706 918 1777 putat,
942 1700 1023 1776 quod
1046 1700 1119 1758 mibi
1141 1721 1260 1778 quoque
1283 1705 1358 1762 seri-

236 1805 331 1863 simile
352 1803 481 1862 videtur.
504 1831 545 1843 -
570 1803 641 1862 376.
665 1800 725 1861 mei
741 1803 827 1862 codd.
842 1803 957 1876 Plauti3
981 1803 1060 1879 apud
1078 1802 1262 1862 Priscianum
1281 1805 1356 1878 vm,

235 1929 264 1985 p.
286 1908 346 1966 313
370 1905 402 1964 Ρ.
427 1911 457 1964 et
479 1905 531 1977 xl,
555 1906 616 1964 922
640 1925 733 1982 prave
759 1903 841 1977 ,me“
868 1906 987 1980 legitur.
1033 1905 1091 1964 Sed
1109 1906 1269 1965 verborum
1286 1907 1358 1965 ordo

235 2023 333 2086 neque
353 2004 415 2066 mei
436 2022 534 2084 neque
563 2007 591 2066 te
613 2003 660 2066 tui
682 2007 877 2081 suboffendit,
913 2029 946 2067 ac
974 2008 1032 2066 fuit
1055 2029 1146 2086 quum
1172 2015 1219 2081 ,tc
1241 2007 1355 2086 neque“

235 2112 410 2182 scriberem
444 2109 643 2182 Fleckeisen,
679 2129 768 2185 quum
797 2109 967 2169 Priscianus
995 2111 1090 2170 altero
1118 2113 1185 2172 loco
1216 2116 1279 2187 „tui
1306 2109 1354 2172 te“

234 2214 366 2286 haberet,
394 2214 456 2285 „tui
475 2211 545 2270 ted“
567 2210 670 2271 edidit.
704 2211 764 2271 Sed
787 2219 889 2271 nostro
907 2214 973 2273 loeo
992 2215 1098 2272 similis
1116 2221 1162 2272 est
1179 2214 1260 2273 Pers.
1281 2217 1356 2274 525:

239 2315 417 2392 ,Mancupio
447 2335 542 2390 neque
570 2317 727 2391 promittet
754 2336 849 2392 neque
880 2318 1036 2393 quisquam
1059 2315 1174 2376 dabit“.
1198 2345 1240 2357 -
1262 2314 1356 2392 intus,

235 2417 315 2494 apud
331 2416 504 2476 Bacchides.
518 2447 559 2457 -
570 2412 673 2491 scotie,
697 2419 717 2476 i.
732 2439 756 2476 e.
776 2417 931 2493 factorum,
955 2425 1080 2496 propter
1098 2419 1188 2492 facte,
1214 2420 1249 2479 cf.
1268 2421 1355 2498 Prop.

235 2520 284 2592 IV,
310 2521 338 2591 4,
365 2521 417 2578 36:
457 2521 572 2592 ,valeat
594 2519 703 2596 probro
726 2519 817 2578 Vesta
838 2519 980 2598 pudenda
1002 2515 1097 2580 meo“.
1121 2552 1164 2561 —
1188 2523 1259 2582 378.
1288 2521 1356 2581 Post

236 2623 290 2681 tua
312 2621 437 2694 hiatur,
457 2621 516 2681 vid.
540 2621 577 2680 ad
601 2641 628 2680 v.
653 2624 702 2680 49.
754 2622 868 2682 Bitscb.
896 2621 964 2697 ,tu“
996 2623 1079 2698 add.;
1114 2623 1208 2684 Goetn.
1236 2624 1355 2698 ,tuad“.

234 2755 276 2766 -
307 2717 522 2800 yerulr'fiyulos
551 2725 660 2783 comice
688 2722 792 2798 finxit3
826 2723 973 2799 significat
999 2731 1166 2804 gestatores
1189 2735 1220 2786 et
1242 2729 1356 2788 fictores

233 2827 358 2902 flagitii;
381 2845 449 2884 nam
469 2833 499 2884 et
520 2825 574 2884 dlii
595 2827 713 2904 probris
735 2829 794 2904 ipsi
817 2835 989 2901 onerantur,
1014 2835 1044 2888 et
1067 2832 1118 2906 qui
1141 2831 1235 2889 talem
1259 2831 1355 2890 edule-

234 2935 365 2989 scentem
388 2927 545 3001 finxerunt,
569 2929 715 3006 flagitium
737 2931 796 3006 ipsi
818 2930 976 2991 finxerunt.
995 2961 1038 2970 -
1057 2933 1127 2991 379.
1151 2928 1239 3006 istoc,
1264 2933 1301 2992 ad
1322 2953 1355 2992 ea

234 3052 299 3110 quae
323 3033 411 3104 facis,
435 3031 471 3091 ci.
496 3031 614 3090 Trucul.
639 3033 715 3091 603:
748 3032 898 3105 „Uerbum
921 3054 1011 3092 unum
1034 3035 1109 3093 adde
1133 3035 1241 3096 istoc“.
1286 3035 1354 3095 ibid.

234 3138 293 3195 705
325 3141 355 3192 et
383 3135 459 3192 739:
501 3136 596 3207 ,istoc
617 3133 656 3192 ad
677 3131 764 3194 uos“.
809 3135 891 3194 Pers.
917 3139 987 3195 504.
1011 3137 1048 3195 al.
1094 3135 1239 3196 Similiter
1265 3137 1352 3210 ,hoff

233 3239 310 3296 infra
336 3235 426 3309 1150,
453 3233 559 3310 „illcc“
586 3236 704 3295 Trucul.
731 3239 802 3296 637.
827 3267 863 3277 -
891 3239 961 3297 331.
991 3237 1101 3297 Hiatus
1123 3247 1194 3317 post
1219 3257 1288 3300 mem
1309 3242 1355 3298 rix

234 3339 383 3399 credibilis
396 3344 456 3410 est;
475 3339 588 3398 Ritseh.
604 3337 664 3413 „Ut
676 3337 817 3413 gnatum“
833 3341 966 3418 scripsit;
985 3341 1085 3400 Herm.
1102 3337 1199 3416 „isto“
1220 3343 1355 3414 addebat,

232 3443 288 3516 Fr,
313 3461 399 3518 quem
422 3443 516 3500 secuti
538 3461 654 3514 sumus,
682 3440 780 3514 „illst
1237 3425 1241 3432 ¹

321 3545 390 3601 382.
420 3543 622 3602 Mnesilochus
652 3543 773 3603 advenit
796 3564 861 3602 cum
884 3545 976 3604 servis
998 3545 1180 3624 pedisequis.
1227 3548 1353 3618 Nuntiis,

233 3665 309 3723 quos
338 3646 442 3703 attulit
465 3645 637 3722 Chrysalus,
668 3647 754 3705 laetus
784 3649 871 3705 amici
898 3645 1074 3706 fidelitatem
1103 3655 1134 3707 et
1162 3653 1242 3708 servi
1270 3650 1354 3708 bene·

232 3748 331 3807 ficium
343 3747 502 3806 trochaicis
515 3749 691 3826 septenariis
703 3747 815 3808 laudat.
848 3744 1052 3810 Multimodis
1064 3751 1214 3811 Cameren.
1229 3754 1352 3829 scripsit.

231 3880 275 3890 —
299 3851 369 3910 383.
393 3849 519 3908 Bothius
542 3854 725 3926 compararit
746 3851 904 3910 Menandri
926 3873 1044 3912 versum
1069 3851 1141 3927 (423
1162 3850 1287 3930 Mein.):
1309 3854 1354 3911 οὐκ

233 3954 304 4010 ἔστιν
333 3951 410 4009 οὐδὲν
440 3953 524 4028 κτῆμα
554 3955 661 4011 κάλλιον
695 3959 791 4028 φίλου,
824 3976 858 4014 ac
886 3955 1046 4015 verisimile
1077 3962 1124 4015 est
1152 3977 1221 4016 eum
1250 3959 1353 4033 saepius

232 4055 308 4113 talia
332 4055 451 4113 dixisse.
471 4084 513 4094 ··-
533 4052 575 4114 iia
598 4053 647 4115 etti
669 4073 782 4117 nomeu
798 4055 952 4134 possidet,
976 4061 996 4118 i.
1010 4080 1035 4118 e.
1055 4063 1099 4119 ita
1120 4065 1155 4117 ut
1177 4060 1350 4137 appellatur,

232 4157 269 4216 ci.
281 4157 345 4216 Mil.
359 4156 435 4216 439:
464 4157 602 4230 ,Falsum
624 4179 731 4219 nomen
750 4159 903 4238 possidere
920 4160 1171 4220 Philocomasium
1191 4157 1347 4240 postulas&

231 4258 314 4317 Trin.
329 4261 378 4318 tl.
396 4289 438 4299 -—
462 4260 532 4318 384.
557 4256 593 4332 ei,
611 4261 672 4321 vid.
691 4263 728 4320 ad
747 4263 830 4322 Asin.
845 4265 914 4322 523.
936 4293 973 4302 -
999 4265 1068 4324 386.
1092 4279 1195 4324 meum
1217 4257 1347 4324 soricem

1455 635 1457 734 i

1455 735 1457 800 ι
