2932 5010
181 523 183 530 ,
259 482 320 542 376
737 472 897 526 Bacchides.

259 679 288 728 et
311 671 432 748 quaerit,
457 687 522 744 quae
552 670 614 726 aius
642 669 686 725 rei
708 689 798 727 causa
819 670 866 740 sit,
891 675 921 725 et
944 687 1073 744 quanam
1096 689 1167 726 cura
1189 670 1364 728 sollicitetur.

258 775 396 831 Amorem
409 791 471 830 esse
488 773 663 846 suspicatur,
685 773 808 849 eiusque
825 771 883 830 duo
902 789 1010 846 genera
1029 771 1124 842 affert,
1148 790 1213 848 quaa
1231 774 1367 848 quomodo

259 877 438 952 posteriores
461 869 666 944 discreverint,
691 895 727 932 ex
742 875 859 933 Afranii
876 875 950 945 loco,
975 894 1061 950 quem
1079 873 1199 932 Servius
1220 881 1248 932 et
1265 875 1367 932 Nouius

259 979 397 1050 laudaut,
432 981 571 1053 apparet;
605 976 729 1035 Plautus
757 979 808 1034 vix
834 985 894 1035 tam
924 977 1075 1034 subtiliter
1097 976 1247 1036 discrerit.
1290 977 1365 1048 Quod

260 1081 297 1138 ad
330 1099 446 1137 versum
474 1083 597 1150 attinet,
632 1085 684 1138 aut
706 1099 771 1138 cum
801 1079 962 1138 Ritschelio
995 1077 1158 1150 ,coniecit“
1192 1081 1366 1138 scribendum

260 1183 379 1240 videtur
401 1185 452 1239 aut
478 1179 550 1252 „an“
576 1201 631 1258 pro
658 1181 780 1254 „aune“.
833 1183 948 1240 Afranii
971 1188 1070 1240 autern
1092 1181 1222 1240 fabulam
1243 1184 1367 1261 plerique

260 1285 444 1344 Ciuerariam
467 1303 531 1340 esse
552 1289 668 1359 putant,
691 1305 718 1344 v.
743 1285 828 1343 Ribb.
852 1305 879 1342 v.
905 1286 953 1342 23.
998 1283 1188 1358 Ritschelius,
1212 1286 1313 1361 Opusc.
1335 1287 1366 1356 ll,

260 1409 290 1465 p.
316 1390 390 1458 328,
425 1387 467 1444 sic
497 1385 593 1445 Servii
621 1387 718 1445 locum
749 1389 891 1446 correxit:
925 1386 1117 1462 ,Cupidinem
1229 1388 1368 1446 dicebant:

262 1511 330 1548 uam
358 1491 434 1548 alius
462 1493 508 1546 est
534 1508 630 1562 amor,
665 1489 740 1547 alius
769 1488 887 1565 cupido.
943 1489 1085 1546 Afranius
1119 1491 1197 1548 enim
1232 1493 1370 1548 0011111111

194 1607 197 1612 ’
261 1595 361 1670 posuit
387 1597 506 1666 „amant
529 1593 688 1669 sapientes,
712 1593 836 1668 cupiunt
858 1588 967 1649 ceteri“
994 1597 1024 1650 et
1045 1591 1169 1649 Plautus
1192 1589 1266 1650 etc.“

349 1697 385 1752 19
410 1713 473 1770 sqq.
513 1693 604 1752 Soror
626 1713 673 1752 res
696 1713 762 1752 suas
784 1699 888 1752 narrat
909 1696 1015 1753 sorori.
1060 1693 1137 1752 Sami
1162 1713 1193 1751 se
1217 1701 1369 1752 amatorem

261 1797 401 1856 habuisse
428 1795 655 1868 Mnesilochum,
690 1816 779 1872 quem
812 1797 878 1873 ipsa
910 1798 977 1872 pari
1010 1817 1110 1855 amore
1141 1797 1369 1872 amplecteretur,

261 1899 312 1958 sed
335 1917 426 1976 quum
448 1900 473 1956 is
496 1897 683 1974 negotiorum
706 1917 795 1956 ceusu
817 1899 935 1970 abisset,
959 1901 1063 1976 inopia
1085 1905 1218 1957 coactam
1241 1919 1272 1957 se
1293 1900 1368 1956 militi

262 2001 436 2062 Cleomacbo
458 2002 489 2058 in
511 2020 619 2059 anuum
641 2005 822 2058 auctoratam
845 2021 909 2059 esse
931 2001 1090 2060 hominist
1109 2001 1234 2059 ridicule
1253 2003 1369 2075 glorioso

261 2111 292 2163 et
314 2105 384 2164 saevi
407 2106 508 2175 animi,
532 2099 583 2180 qui
606 2124 637 2162 se
659 2111 690 2161 et
712 2105 787 2161 mule
810 2109 953 2162 tractaret
976 2110 1006 2161 et
1027 2107 1130 2180 peiora
1153 2109 1321 2174 minaretur,
1341 2109 1368 2160 ut

261 2207 298 2266 ab
321 2227 354 2266 eo
379 2207 462 2265 abire
485 2227 572 2283 quam
596 2207 721 2264 maxime
745 2213 874 2282 cuperet.
921 2207 1043 2264 Creticis
1066 2208 1197 2264 numeris
1216 2207 1278 2264 baec
1295 2225 1368 2262 scens

159 2303 162 2310 ’
262 2311 426 2386 composita
448 2309 514 2367 fuit.
564 2309 756 2367 Tetremetris
784 2309 955 2386 exposuisse
978 2309 1097 2368 videtur
1121 2306 1290 2381 (19-20),
1321 2327 1367 2383 qua

262 2414 378 2470 ratione
402 2411 602 2469 Mnesilochus
625 2430 656 2468 se
680 2411 793 2486 alloqui
816 2411 923 2469 solitus
946 2417 1032 2470 esset.
1060 2441 1098 2451 -
1127 2414 1163 2469 21
1192 2411 1294 2470 eodem
1315 2429 1368 2487 per

263 2515 388 2572 tinuisse
421 2519 531 2591 potest.
563 2543 606 2552 -
640 2515 779 2584 22-23,
815 2533 880 2590 quse
908 2513 1022 2572 Nonius
1055 2517 1198 2572 continuo
1232 2521 1298 2573 aute
1326 2513 1368 2570 illc

265 2616 360 2704 affert,
384 2621 509 2693 propter
531 2615 755 2674 similitudinem
778 2616 839 2673 illis
862 2617 1000 2692 opposita
1021 2617 1111 2674 fuisse
1134 2617 1322 2684 crediderim,
1341 2620 1367 2672 ut

264 2717 387 2778 Bacchis
425 2719 568 2776 sevitiam
602 2719 706 2777 militis
738 2717 903 2776 identidem
941 2720 1062 2778 serviles
1100 2739 1204 2797 poeuas
1238 2719 1368 2796 crepantis

264 2821 442 2898 depinxerit.
478 2821 619 2878 Extrema
640 2821 741 2892 rerba,
767 2813 820 2878 Fit
836 2817 934 2895 peior,
950 2823 1014 2880 sine
1037 2822 1127 2881 dubio
1148 2827 1287 2898 corrupta
1303 2829 1366 2878 suut.

264 2954 307 2964 -
330 2925 369 2982 24
382 2943 457 3000 sqq„
481 2923 588 2999 quibus
605 2923 707 2980 militis
724 2925 874 2998 ingenium
892 2924 1077 2996 describitur,
1101 2925 1251 2983 bacchiaci
1268 2924 1368 2998 generis

264 3033 341 3085 suut.
391 3020 581 3099 „Latroneffl
608 3027 651 3083 ait
668 3025 775 3083 Festus
798 3046 827 3104 p.
850 3029 909 3086 118
935 3047 1003 3100 „eos
1026 3027 1140 3103 antiqui
1163 3027 1307 3098 dicebaut,
1328 3025 1367 3100 qui

265 3130 402 3189 conducti
432 3128 614 3200 militabant,
649 3128 705 3184 ἀπὸ
732 3130 776 3199 τῆς
804 3125 956 3205 1010110ςῆ
1006 3129 1101 3186 Varro
1124 3128 1157 3187 L.
1181 3128 1215 3186 L.
1240 3128 1305 3199 VII,
1338 3128 1367 3184 52

265 3233 336 3290 alias
371 3251 502 3308 quoque,
537 3251 591 3288 uec
623 3232 776 3305 meliores,
822 3233 1017 3306 etymologias
1048 3233 1179 3308 profert;
1213 3231 1265 3289 ssd
1292 3231 1369 3286 deri

244 3320 390 3392 ¹nominis
413 3339 538 3407 constat,
563 3333 598 3392 cf.
622 3333 687 3392 Mil.
712 3335 762 3392 74.
787 3334 857 3392 944.
902 3333 990 3392 Poen.
1017 3335 1168 3406 666.669;
1203 3333 1273 3391 inde
1294 3333 1370 3390 latro

265 3437 359 3494 cinari
392 3441 436 3493 est
469 3435 603 3494 mercede
636 3435 773 3507 militari,
808 3456 835 3494 v.
866 3435 929 3495 Mil.
956 3437 1026 3495 501.
1071 3437 1161 3496 Poen.
1186 3439 1258 3495 707.
1302 3435 1368 3492 Tris.

267 3539 337 3596 599.
383 3537 528 3596 Cornicul.
552 3557 599 3614 ap.
622 3537 708 3596 Varr.
731 3539 750 3598 l.
774 3539 794 3596 l.
818 3567 861 3578 —
884 3541 1018 3597 25-28.
1048 3539 1195 3610 Quattuor
1217 3539 1370 3610 1101110111-

264 3645 374 3698 matros
401 3639 573 3698 bacchiacos
595 3641 775 3699 Ritschelius
803 3662 839 3699 ex
866 3643 957 3699 variis
985 3641 1161 3716 fragmentis
1196 3643 1370 3716 sagacissime

265 3745 461 3814 concinnavit,
485 3763 512 3801 v.
526 3741 707 3802 MusRhen.
731 3743 781 3814 IV,
804 3765 833 3820 p.
861 3745 920 3802 148
944 3749 975 3801 et
997 3743 1103 3820 Opusc.
1128 3743 1165 3816 ΙΙ,
1189 3765 1219 3820 p.
1245 3746 1303 3802 373
1327 3763 1370 3817 sq,

264 3867 282 3904 s
305 3866 363 3923 quo
386 3865 443 3904 non
467 3845 604 3918 discessi,
639 3848 697 3904 nisi
726 3845 805 3922 quod
832 3847 884 3902 ille
911 3843 1014 3920 „Dic“‚
1042 3865 1097 3922 ego
1124 3845 1221 3921 „Sed
1247 3845 1370 3924 supplere

264 3949 364 4006 malui.
419 3947 557 4006 Formam
588 3945 700 4008 mistis
729 3948 899 4007 Priscianus
931 3952 1039 4007 iterum
1074 3954 1285 4008 commemorat
1310 3947 1370 4004 lust.

263 4050 357 4122 XVII,
383 4052 474 4128 nep.
502 4053 560 4109 122
584 4051 626 4110 H:
666 4052 793 4128 „gentile
817 4053 911 4123 cuius,
948 4053 1030 4110 cuius
1054 4053 1275 4111 'nominativum
1297 4051 1371 4106 etiam

264 4155 370 4212 cuiatis
393 4156 538 4212 communi
560 4174 668 4231 genere
692 4155 806 4229 antiqui
829 4152 1051 4231 proferebaut“.
1087 4154 1161 4212 Tum
1185 4153 1272 4210 affert
1287 4151 1369 4208 Plane

263 4253 355 4314 Poen.
387 4258 447 4314 996
483 4262 513 4314 et
541 4258 601 4314 997
632 4262 662 4314 et
689 4257 769 4315 Meu.
801 4258 871 4315 337.
927 4257 1007 4316 Addi
1036 4263 1138 4335 potest
1167 4255 1283 4314 Curcul.
1311 4253 1369 4310 101.

265 4385 307 4398 -
329 4357 364 4417 V.
389 4361 427 4416 26
452 4353 587 4417 lectitaret
608 4379 668 4417 em.
704 4357 862 4418 Hermann.
919 4359 1007 4418 Miles
1036 4366 1096 4418 tam
1125 4359 1244 4418 fortiter
1273 4360 1370 4432 spirare
