2928 5010
83 555 124 622 ΙΙΙ,
134 557 155 621 3,
166 555 261 608 12—35
548 553 710 608 Bacchides.

497 743 750 809 Philoxenus

80 851 241 936 Paulisper,
264 849 363 936 Lyde,
386 857 438 918 est
460 851 572 916 lubido
594 849 716 916 homini
740 873 799 918 suo
823 853 931 918 animo
955 853 1110 938 obsequi;

78 960 136 1024 Iam
157 960 260 1026 aderit
287 967 427 1045 tempus,
457 981 556 1043 quom
585 981 658 1026 sese
681 962 782 1026 etiam
810 962 883 1046 ipse
905 961 1022 1027 oderit.
1067 963 1190 1029 Morem

780 1089 890 1150 geras,

78 1177 152 1241 Dum
173 1184 339 1258 caueatur,
361 1183 495 1261 praeter
517 1197 657 1260 aequom
679 1176 819 1258 nequid
837 1177 1018 1260 delinquat,
1042 1181 1121 1246 sine.
1140 1199 1192 1251 415
1247 1191 1251 1196 '

559 1307 694 1392 Lydus

76 1416 138 1482 Non
160 1418 229 1483 sino
251 1437 360 1499 nequa
383 1415 538 1499 equidem
560 1437 612 1481 me
634 1417 713 1480 uiuo
736 1416 828 1481 illum
853 1419 1024 1502 conrumpi
1047 1419 1160 1485 sinam.

77 1523 131 1590 Sed
152 1531 197 1605 tu,
220 1527 277 1610 qui
298 1547 359 1610 pro
382 1531 452 1590 tam
475 1531 634 1608 conrupto
659 1523 740 1588 diois
763 1545 898 1590 causam
920 1525 998 1606 filio,

76 1631 228 1699 Eademne
247 1641 320 1699 erat
337 1633 420 1698 haec
440 1633 616 1717 disciplina
631 1633 703 1712 tibi,
727 1655 826 1716 quom
838 1639 876 1698 tu
888 1633 1082 1701 adulescens
1095 1639 1189 1702 eras?

75 1740 154 1825 Nego
176 1743 237 1808 tibi
259 1742 322 1808 hoc
344 1743 439 1808 annis
461 1742 581 1824 uiginti
602 1741 702 1806 fuisse
724 1742 839 1824 primis
863 1744 987 1827 copiae,

75 1849 208 1934 Digitum
229 1851 326 1934 longo
349 1871 370 1915 a
391 1849 583 1934 paedagogo
605 1849 724 1934 pedem
746 1855 784 1914 ut
807 1849 948 1916 auferres
971 1852 1119 1920 aedibus.
1139 1871 1191 1925 420

74 1959 146 2024 :luta
168 1959 270 2026 solem
292 1960 496 2025 exorientem
517 1959 581 2024 nisi
602 1959 637 2023 in
659 1959 860 2043 palaestram
882 1947 1032 2042 uene'ras,

75 2065 219 2150 Gymnasi
240 2067 409 2152 praefecto
431 2087 555 2151 poenas
577 2065 669 2130 hand
690 2067 866 2133 mediocris
889 2068 1060 2152 penderes.

74 2175 106 2239 Id
123 2178 197 2258 quoi
213 2177 387 2261 optigerat,
409 2176 472 2242 hoc
489 2176 589 2240 etiam
607 2175 650 2240 ad
667 2175 789 2240 malum
806 2176 1036 2243 arcessebatur
1053 2179 1189 2246 malum:

73 2283 110 2348 Et
130 2285 308 2370 discipulus
332 2291 366 2350 et
387 2285 545 2369 magister
567 2283 827 2368 perhibebantur
848 2285 990 2369 inprobi.

73 2389 116 2456 Ibi
137 2413 239 2474 cursu,
262 2392 432 2473 luctando,
455 2393 560 2473 hesta,
584 2392 683 2474 disco,
707 2393 869 2476 pugilatu,
893 2393 970 2478 pila,
1140 2415 1191 2467 425

74 2498 218 2568 Saliundo
242 2523 317 2568 sese
340 2501 538 2568 exercebant
559 2503 663 2584 magis
686 2522 787 2584 quam
809 2508 919 2566 scorto
943 2509 1002 2568 ant
1024 2506 1135 2572 seniis,

74 2605 130 2688 [lbi
150 2631 242 2676 suam
265 2615 410 2677 aetatem
434 2609 666 2691 extendebant,
690 2631 755 2675 non
777 2609 811 2674 in
832 2609 1008 2677 latebrosis
1031 2613 1137 2696 locis]

73 2715 143 2782 Inde
165 2719 204 2783 de
226 2718 445 2802 hippodromo
470 2725 503 2784 et
525 2718 698 2803 palaestra
719 2717 776 2783 ubi
798 2719 982 2785 reuenisses
1006 2721 1148 2802 domum,

73 2821 242 2892 Cinctioulo
262 2828 471 2910 praecinctus
482 2828 516 2892 in
529 2827 612 2893 sella
624 2828 712 2911 apud
724 2827 917 2911 magistrum
930 2825 1109 2896 adsideres.

72 2931 166 3008 Quom
186 2935 308 3000 librum
330 2933 465 3018 legeres,
489 2937 517 3001 si
540 2957 641 3001 unam
663 2936 869 3020 peccauisses
893 2935 1063 3020 syllabam,
1140 2957 1191 3010 430

72 3037 170 3107 Fieret
192 3043 320 3110 corium
342 3051 413 3110 tam
434 3043 647 3122 maculosum,
671 3051 803 3127 quamst
824 3045 965 3109 nutricis
987 3045 1135 3129 pallium.

486 3191 766 3258 Mnesilochus

70 3295 197 3383 Propter
219 3321 272 3366 me
295 3299 377 3366 haec
399 3321 486 3365 nune
509 3321 581 3365 meo
606 3297 712 3365 sodali
736 3299 800 3364 dici
823 3299 1007 3367 discrucior
1030 3303 1146 3384 miser;

71 3403 218 3474 Innocens
242 3409 466 3492 suspicionem
488 3409 574 3474 hano
598 3409 738 3473 sustinet
762 3429 864 3474 causa
887 3430 970 3475 mea.

496 3539 747 3605 Philoxenus

70 3643 134 3726 Alii,
157 3647 253 3732 Lyde,
276 3670 364 3715 nunc
388 3655 465 3714 sunt
487 3669 606 3714 mores.

556 3779 688 3863 Lydus

596 3887 635 3952 Id
658 3887 810 3972 equidem
834 3909 894 3972 ego
918 3889 1108 3955 certeseia

69 3987 144 4056 Nam
165 3995 241 4061 olim
263 3996 378 4080 populi
401 3999 492 4081 prins
515 3997 674 4062 honorem
697 3997 852 4080 capiebat
875 3995 1042 4079 suffragio,
1136 4015 1187 4068 435

69 4097 164 4174 Quam
184 4106 341 4188 magistro
365 4105 538 4171 desinebat
561 4125 633 4170 esse
657 4105 745 4170 dioto
768 4103 941 4185 obediens3

130 4355 177 4408 422
193 4356 267 4411 hand
283 4359 435 4414 mediocria
454 4377 558 4429 poenas
634 4361 685 4414 423
705 4359 804 4429 quoO
870 4360 1064 4416 accersebatur
1134 4361 1185 4414 425

68 4441 124 4490 asta
186 4443 236 4498 430
253 4445 430 4513 peccauiseet
499 4447 551 4501 435
569 4447 719 4517 capiebant
