2956 5010
558 488 590 542 v.
612 490 755 544 sas-sse.
1075 537 1080 547 .
1150 498 1211 560 495

87 683 210 760 Protag.
224 683 285 743 310
298 681 339 742 D:
365 685 398 741 ἂν
415 683 486 759 αὐτῷ
501 683 579 759 daddus
602 684 731 761 ἀργύριον
754 685 799 741 καλ
816 687 916 759 ποΙθῃς
936 689 1041 742 ἐκεῖνον.
1075 685 1212 765 Xenopb.

88 787 198 865 Cyrop.
223 787 273 860 IV,
298 789 325 859 2,
353 789 405 846 12:
430 783 513 855 siner,
536 787 576 844 ὅτι
597 787 740 864 ν’(χήσοιντο
761 791 811 864 μὲν
833 787 923 853 αὐτοῖς
945 787 972 845 οἱ
993 789 1077 857 πεζοὶ,
1100 793 1214 856 ἐκείνους

86 891 115 948 de'
139 889 263 948 ἕπεσθον
286 891 336 948 σὺν
357 895 412 956 τοῖς
434 890 530 956 ἵπποις
553 891 680 958 ἐκέλευσε,
702 889 742 950 ib.
764 893 791 964 5,
816 892 870 950 20:
895 891 971 961 ἡνίκα
993 891 1019 949 oi
1040 895 1115 965 φίλοι
1132 893 1215 952 αὑτοῖν

85 997 147 1060 τοὺς
170 997 272 1051 ἐκείνου
294 996 414 1070 ἐχθροὺς
437 993 626 1050 ἀπολλύουσιν.
650 992 688 1050 ul.
710 1022 750 1034 -
772 991 862 1054 112118
883 987 1041 1068 inmittas,
1065 995 1101 1054 cf.
1125 995 1212 1072 Epid.

87 1099 166 1157 331:
205 1115 319 1173 „neque
347 1113 403 1171 ego
439 1095 470 1154 id
499 1099 615 1155 inmitto
643 1095 676 1153 in
704 1099 784 1156 auris
813 1091 924 1169 meas“,
958 1097 1009 1154 sed
1038 1101 1213 1176 praepositio

83 1203 178 1259 etism
202 1201 301 1258 omitti
324 1203 436 1275 potest,
466 1199 501 1259 of.
524 1199 606 1260 Pers.
631 1201 686 1258 71:
724 1199 912 1278 „qnempiam
934 1200 1041 1259 iniexit
1062 1199 1211 1261 manum“.

83 1303 206 1361 Truonl.
233 1303 309 1360 749:
337 1305 384 1373 „te
406 1321 525 1360 manum
549 1299 700 1362 inioiam“.
741 1301 828 1361 Lucr.
853 1301 876 1375 1,
904 1303 978 1361 117:
1006 1323 1060 1374 ,an
1083 1303 1214 1381 pecudes

84 1407 159 1466 alias
195 1405 341 1462 diuinitus
368 1405 499 1462 insinuet
527 1403 589 1466 se“.
620 1435 662 1446 --
692 1407 761 1464 545.
798 1402 851 1482 qul
883 1405 1041 1481 epulatur,
1076 1401 1212 1481 morbae,

84 1508 246 1569 comitialis
270 1508 331 1564 sive
353 1509 499 1584 ἐπιληψίο,
521 1527 605 1580 nam,
630 1514 665 1567 ut
688 1508 803 1566 Plinius
827 1509 869 1566 ait
891 1505 1029 1581 XXVIII,
1054 1511 1082 1582 4,
1108 1511 1136 1582 7,
1163 1513 1211 1584 35,

86 1613 281 1688 „despuimus
304 1610 464 1668 comitialia
485 1611 615 1682 morbos,
639 1610 669 1670 h.
685 1631 710 1669 e.
735 1611 873 1686 contagia
894 1610 1095 1687 regerimns“;
1118 1613 1154 1671 of.
1174 1613 1212 1688 X,

84 1717 141 1786 23,
168 1715 223 1785 33,
249 1714 304 1772 691
342 1709 551 1786 ,(601111111666)
580 1713 760 1773 comitialem
788 1719 914 1790 propter
941 1714 1077 1772 morbum
1107 1715 1213 1792 despui

82 1811 234 1876 suetum“.
296 1813 445 1892 Theopbr.
475 1813 561 1875 Char.
594 1818 646 1875 16:
683 1816 844 1890 μαινόμενόν
872 1837 900 1872 τε
927 1814 991 1872 ἰδὼν
1021 1817 1036 1888 l,
1064 1819 1212 1888 ἐπίληπτον

81 1923 184 1995 φρίξας
205 1917 243 1984 εἰς
265 1919 366 1975 κόλπον
389 1919 497 1975 πτύσαι.
540 1919 629 1995 Apul.
654 1919 691 1977 de
721 1921 818 1995 magia
843 1919 891 1978 52.
916 1919 953 1978 ul.
1000 1918 1095 1990 Quum
1119 1921 1210 1996 igitur

81 2023 208 2100 propria
230 2027 353 2097 propter
374 2020 510 2078 morbum
539 2021 631 2094 huno,
674 2041 766 2098 quum
794 2041 861 2079 eum
884 2021 1045 2095 vidissent,
1080 2021 1212 2082 homiues

82 2127 147 2183 aive
171 2125 202 2181 in
225 2143 309 2182 suum
332 2125 429 2182 sinum
452 2125 513 2182 sive
535 2127 567 2206 iu
589 2128 700 2181 terram
725 2129 895 2200 sputarent,
924 2129 959 2181 ut
984 2123 1093 2182 loedum
1116 2126 1212 2184 visum

83 2235 115 2285 et
134 2227 302 2303 contagium
321 2225 571 2297 abominarentur,
596 2243 664 2284 mox
684 2226 848 2302 etiamipse
865 2225 985 2284 morbus
1005 2225 1110 2302 despui
1133 2227 1211 2286 dioe-

80 2329 189 2401 batnr,
223 2347 277 2386 neo
309 2330 407 2386 minus
441 2329 492 2406 qni
520 2327 577 2386 boo
612 2327 716 2387 morbo
752 2327 921 2388 laborabat.
978 2327 1055 2400 Quin
1089 2331 1211 2403 aegrotis

81 2433 157 2510 ipsis
191 2419 311 2507 sputum
340 2431 466 2489 aliorum
494 2431 625 2490 salutare
654 2449 719 2490 esse
750 2429 909 2503 creditum,
945 2451 981 2490 ex
1008 2451 1065 2490 ves.
1092 2433 1151 2491 543
1183 2439 1212 2490 61

24 2587 27 2592 .
84 2537 146 2595 550
172 2539 305 2611 apparet.
358 2529 411 2610 qui
433 2539 533 2592 autem
555 2533 584 2594 b.
607 2533 627 2593 l.
651 2553 710 2592 non
733 2535 935 2593 nominativus
966 2539 1026 2606 est,
1056 2537 1210 2592 necentur

83 2636 212 2712 simplex
228 2634 351 2694 verbum
369 2635 503 2708 eandem,
527 2655 615 2712 quam
634 2638 805 2713 oomposita,
828 2637 1020 2694 transitivum
1039 2638 1097 2694 vim
1110 2637 1209 2708 habet,

82 2738 138 2797 sed
157 2735 312 2810 ablativus,
325 2743 450 2814 propter
464 2757 562 2814 quem,
583 2739 618 2798 of.
633 2739 705 2799 466.
717 2769 760 2779 -
770 2739 839 2798 546.
863 2739 940 2798 Ante
957 2735 1085 2798 recedas
1101 2740 1211 2815 positio

82 2841 256 2918 negligitur,
281 2839 315 2898 of.
329 2839 468 2914 Prolegg.
480 2861 510 2918 p.
524 2841 596 2900 204.
635 2839 680 2900 Fl.
697 2839 876 2918 ,apsoedas“
892 2841 937 2900 ed.
956 2871 998 2881 -
1026 2833 1128 2912 Ultra,
1152 2844 1171 2900 i.
1185 2861 1210 2900 e.

82 2961 190 3021 apage,
213 2961 240 2998 v.
265 2941 304 3000 ad
325 2941 432 3019 Amph.
458 2943 529 3002 316.
552 2973 595 2984 -
619 2945 689 3002 546.
713 2944 750 3002 ut
772 2939 826 3019 qui
849 2963 876 3001 v.
895 2945 966 3002 242.
989 2971 1031 2982 -
1053 2958 1102 3002 me
1124 2943 1210 3001 codd.

83 3065 152 3105 oum
175 3043 259 3102 hiatu
281 3047 313 3102 in
336 3044 470 3116 dIaeresi;
502 3039 606 3118 „med“
632 3044 699 3103 edd.
724 3051 755 3102 61
784 3043 896 3104 11116611.
915 3041 999 3102 Neue
1021 3044 1093 3104 Exo.
1112 3065 1140 3121 p.
1160 3047 1211 3104 45.

82 3177 127 3188 -
158 3147 228 3206 556.
261 3141 324 3224 suit
344 3147 442 3224 prime
464 3147 568 3220 longa,
598 3167 625 3205 v.
649 3145 687 3204 ad
711 3148 782 3205 261.
812 3175 854 3185 -
883 3141 923 3204 iis
951 3147 998 3204 vel
1024 3144 1054 3206 is
1077 3147 1211 3205 Lindem.

82 3271 141 3308 em.
192 3247 241 3321 „Si
264 3247 339 3307 duae
361 3250 581 3308 enuntiationes
604 3249 735 3308 relativae
758 3247 796 3306 ad
818 3248 942 3306 eandem
960 3253 1112 3308 notionem
1130 3269 1211 3326 spec-

82 3357 161 3424 tant,
186 3357 325 3410 constans
343 3351 391 3409 hio
410 3357 542 3410 estuans
562 3357 593 3410 61
610 3349 781 3410 Graecorum
799 3355 830 3408 et
848 3353 1013 3428 priscorum
1026 3349 1211 3423 Latinorum,

67 3461 120 3514 'ut
142 3453 234 3512 semel
249 3459 365 3512 tentum
382 3460 513 3532 ponatur
531 3455 703 3527 relativum,
727 3456 759 3512 in
776 3453 870 3511 eltere
887 3460 987 3511 autem
1005 3455 1211 3512 enuntiatione

83 3563 139 3618 aut
162 3557 276 3620 nullum
297 3575 463 3633 pronomen
492 3563 544 3615 eut
565 3577 729 3634 pronomen
757 3557 855 3614 tertiae
877 3575 1010 3632 personae
1039 3551 1211 3632 sequatur“.

83 3661 185 3720 Holtz.
214 3658 336 3734 Syntax.
366 3661 456 3736 prise.
485 3678 540 3718 sor.
570 3659 636 3720 Lot.
665 3659 694 3734 I,
722 3680 752 3737 p.
784 3659 854 3718 389.
885 3686 922 3698 -
961 3659 1030 3717 551.
1070 3652 1153 3734 Quid
1180 3659 1214 3717 tu

84 3755 212 3822 autem?
245 3763 286 3820 sio
315 3769 396 3819 reote
419 3761 605 3837 interpunxit
627 3761 715 3822 Both.
773 3757 884 3834 eliam,
918 3779 946 3820 v.
971 3760 1009 3819 ad
1031 3761 1115 3820 Asin.
1141 3763 1211 3820 670.

83 3893 128 3906 -
158 3865 229 3922 552,
258 3859 409 3936 intuitum
444 3865 541 3922 tertiae
571 3865 790 3942 coniugationis
818 3863 943 3922 formam
967 3865 1101 3922 restituit
1122 3862 1212 3921 Both.

85 3967 123 4025 oi.
153 3965 236 4024 Asin.
270 3967 339 4024 123.
400 3965 513 4024 Eodem
545 3963 635 4025 modo
670 3973 800 4026 erratum
833 3971 878 4024 est
910 3965 1030 4024 Trucul.
1067 3967 1136 4025 591.
1172 3993 1214 4003 -

87 4069 160 4127 553.
194 4066 305 4126 Versus
338 4087 426 4126 eausa
458 4072 510 4126 aut
548 4082 603 4144 epo
641 4075 693 4127 aut
731 4063 786 4128 tibi
822 4067 982 4128 delendum
1018 4071 1072 4124 est.
1134 4065 1214 4124 Illud
1287 4121 1291 4130 ,

84 4169 186 4242 Βο111.,
209 4169 265 4228 hoc
287 4169 332 4230 Fl.
356 4170 470 4228 maluit.
492 4199 536 4210 -
560 4172 629 4230 555.
662 4166 745 4246 Quin
767 4171 839 4229 olim
861 4192 916 4231 em.
942 4199 984 4210 —
1014 4170 1084 4228 556.
1115 4161 1215 4227 Haud

83 4269 158 4332 uidi
179 4267 295 4349 maffia,
324 4293 364 4332 κο.
388 4273 439 4350 qui
461 4272 572 4332 sodalis
594 4275 649 4346 sit,
673 4275 799 4346 ironice,
824 4293 852 4334 v.
877 4273 916 4332 ad
937 4271 1046 4348 Amph.
1073 4273 1143 4330 672.
1171 4298 1214 4311 -
