2960 5012
78 531 106 599 11,
117 530 224 598 ue-aa
545 528 695 584 rumara

77 718 133 783 Nee
152 723 274 784 mutam
294 716 443 803 profecto
465 725 631 804 repertam
652 717 753 784 ullam
776 739 847 784 esse

76 826 167 893 Hodie
188 827 302 892 dieunt
323 825 492 892 mulierem
513 828 580 893 ullo
603 828 637 893 in
660 827 778 892 eaeelo.

76 935 183 1001 Uerum
204 935 276 1015 hoe,
299 932 411 1015 frater,
434 957 534 1000 unum
556 941 668 1000 tamen
692 935 844 1017 cogitate,

76 1043 346 1128 Tibiproxumam
368 1064 429 1122 me,
452 1043 596 1128 mihique
620 1064 689 1108 esee
711 1045 791 1108 item
813 1048 855 1108 te.

75 1151 118 1216 Ita
137 1157 313 1234 aequomst,
337 1151 425 1235 quod
446 1153 481 1216 in
503 1173 572 1218 rem
596 1171 665 1217 esse
688 1153 821 1236 utrique
845 1151 1052 1232 arbitremur,

75 1259 110 1324 Et
129 1259 205 1324 mihi
226 1265 270 1340 te,
293 1266 326 1325 et
347 1259 408 1325 tibi
431 1281 480 1326 me
502 1259 669 1336 consulere
693 1265 726 1324 et
747 1279 889 1338 monere,
932 1255 937 1268 ’
1131 1277 1181 1331 130

75 1367 174 1451 Neque
196 1368 363 1434 oecultum
384 1367 418 1434 id
440 1367 565 1448 haberi,
586 1389 691 1450 neque
713 1387 771 1452 per
793 1373 916 1432 metum
938 1368 1086 1448 mussari,

76 1475 149 1552 Quin
168 1477 362 1561 participem
385 1477 510 1561 pariter
532 1497 591 1560 ego
615 1483 648 1540 te
671 1483 705 1540 et
726 1483 763 1541 tu
784 1496 845 1540 me.

75 1583 114 1648 Eo
134 1606 216 1650 nune
238 1605 298 1668 ego
322 1589 450 1650 secreto
471 1590 505 1651 te
527 1584 591 1650 hue
612 1583 700 1650 foras
724 1583 847 1662 seduxi,

75 1692 112 1757 Ut
131 1699 217 1758 tuam
238 1714 309 1758 rem
331 1714 392 1776 ege
414 1699 523 1759 tecum
546 1692 599 1758 hic
621 1693 774 1776 loquerer
795 1691 998 1758 familiarem.

501 1845 745 1930 Megadorus

77 1955 119 2020 De.
137 1956 222 2036 mihi,
246 1961 381 2040 optuma
402 1955 533 2034 femina,
557 1975 699 2019 manum.

522 2085 720 2151 Eunomia

77 2193 132 2259 Ubi
152 2197 241 2262 east?
275 2196 350 2282 quis
373 2196 465 2260 east?

501 2325 743 2409 Megadorus

513 2435 572 2499 Tu.

526 2566 723 2630 Eunomia

618 2671 709 2737 Tune
732 2673 803 2736 ais?

502 2803 744 2887 Megadorus

854 2909 889 2976 Si
910 2931 1020 2994 negas,
1041 2930 1134 2993 nego.

529 3037 726 3103 Eunomia

80 3143 170 3210 Decet
180 3146 329 3229 equidem
341 3166 422 3211 uera
432 3146 598 3231 proloqui3
620 3167 697 3210 nam
714 3150 848 3230 optuma
864 3143 955 3208 nulla
971 3149 1082 3227 potest
1093 3143 1186 3227 eligi3

82 3253 146 3318 Alia
165 3254 230 3320 alia
251 3255 354 3340 peior,
377 3251 489 3334 frater,
513 3262 572 3320 est.

506 3385 747 3468 Megadorus

626 3493 718 3559 Idem
741 3513 801 3576 ego
824 3492 976 3574 arbitror,
999 3511 1061 3557 nee
1082 3488 1144 3556 tibi

83 3598 247 3670 Aduoreari
270 3609 430 3668 certumst
450 3601 492 3668 de
513 3604 599 3668 istae
621 3623 657 3668 re
679 3623 845 3687 umquam,
869 3623 970 3667 soror.

530 3733 728 3799 Eunomia

82 3835 125 3903 Da
144 3840 220 3906 mihi
243 3861 387 3926 operam,
411 3842 538 3907 amabo.

503 3988 748 4073 Megadorus

376 4099 492 4178 Tuast3
514 4105 607 4163 utere
629 4103 728 4181 atque
750 4098 874 4179 inpera,
898 4097 926 4160 si
948 4093 1028 4178 quid
1050 4093 1111 4158 uis.
1143 4109 1193 4161 140

88 4261 298 4274 ¹¹——

145 4336 190 4389 128
206 4335 274 4390 item
294 4351 355 4389 eme
418 4335 467 4388 1³0
484 4349 529 4386 me
547 4345 597 4387 ona
663 4331 713 4384 132
731 4333 763 4382 tu
779 4345 824 4384 me
842 4331 874 4382 ut
890 4326 983 4382 faciae.
1038 4325 1088 4379 137
1104 4323 1195 4378 Deeet

84 4419 109 4469 te
125 4421 246 4488 equidem
