2916 5006
539 554 733 612 444-44.
1134 533 1196 630 '407

76 755 107 806 41
136 768 197 808 non
229 743 327 821 ,Fit“,
361 749 413 808 sed
437 744 488 810 Sit
516 750 706 810 scribendum
734 753 783 811 sit.
840 746 1001 828 Erpretus
1029 756 1102 814 nihil
1132 777 1197 817 esse

75 851 201 925 videtur,
229 871 408 930 quamquam
431 873 570 912 enarrare
593 859 739 912 conantur
761 853 917 912 Turnebus
941 861 971 914 et
990 856 1099 932 Douss,
1124 880 1196 936 quo·

75 974 138 1012 rum
160 955 218 1026 hie,
241 953 451 1031 Explodatll,
477 957 530 1014 22:
557 955 784 1030 „coniecturam
808 961 853 1014 est
876 957 983 1030 fecere,
1009 964 1098 1018 moris
1121 964 1196 1020 anti·

75 1058 173 1134 quitus
195 1057 287 1116 fuisse
308 1062 397 1116 uncto
420 1058 511 1116 linteo
535 1057 712 1134 emungendi
735 1059 783 1116 vel
812 1057 903 1134 (quod
926 1059 1042 1120 tacilius
1065 1061 1196 1134 videtur)

75 1157 266 1234 extinguendi
289 1159 424 1218 lucernas
447 1180 535 1218 44444
557 1161 618 1232 411,
649 1163 732 1218 44144
759 1162 851 1220 vicem
876 1161 981 1222 ferreis
1005 1168 1195 1224 emunctoriis

74 1264 116 1320 nti
138 1283 194 1322 nos
217 1257 376 1321 solemus“.
411 1262 475 1339 Ego
498 1283 551 1322 cur
573 1264 703 1338 antiquis
726 1265 823 1322 minus
846 1266 972 1324 rationis
995 1266 1084 1324 fuisse
1104 1268 1195 1326 conii-

74 1370 156 1434 cinm,
181 1384 242 1424 non
265 1363 362 1436 video,
385 1369 553 1442 praesertim
577 1367 607 1422 in
629 1365 721 1424 verbo
745 1372 848 1442 aperte
871 1374 1022 1446 corrupto.
1069 1368 1124 1428 Ed.
1148 1390 1193 1446 pr.

77 1463 263 1545 ,expletus“.
309 1467 371 1526 Hoc
391 1467 513 1526 Rostius
531 1467 638 1544 Opusc.
656 1487 685 1544 p.
707 1470 765 1527 116
790 1471 863 1528 miro
886 1471 975 1530 modo
999 1472 1194 1544 commendat,

74 1575 156 1648 qnasi
190 1569 354 1648 pedagogo
397 1571 522 1648 ,capitis
555 1569 624 1630 fissa
657 1570 793 1628 medendi
827 1591 918 1630 44444
951 1573 1065 1650 repleta
1098 1581 1196 1634 essent

72 1674 211 1733 tuniculis
234 1673 381 1732 similibus
409 1675 459 1746 iis,
494 1674 545 1750 qui
574 1673 761 1732 lucernarum
789 1672 897 1732 fistulis
920 1677 1043 1732 immitti
1067 1673 1194 1734 solent“.

72 1779 162 1837 Immo
191 1777 321 1836 unctum
347 1771 479 1835 14414414
508 1775 636 1834 lucerna
664 1795 723 1834 non
753 1781 798 1834 est
826 1778 912 1850 μύξα,
947 1777 999 1834 sed
1022 1778 1101 1854 quod
1124 1779 1196 1836 vitri

72 1882 134 1940 loeo
157 1881 310 1939 lucernam
333 1879 433 1952 ambit,
459 1879 495 1940 cl.
519 1876 578 1936 Cic.
597 1874 688 1937 Attio.
706 1877 755 1951 IV,
781 1879 808 1951 3,
834 1880 866 1938 5:
902 1878 998 1950 ,linea
1027 1877 1194 1940 lanterna“.

73 1983 157 2056 Quod
185 1983 211 2048 si
239 1987 374 2058 putarem
397 1980 544 2040 Romanos
573 1981 724 2040 lucernam
753 1981 846 2040 linteo
870 1981 1016 2058 expletum
1040 2001 1096 2058 pro
1121 1983 1195 2055 „cir-

73 2079 259 2144 cumdatam“
291 2089 342 2142 aut
373 2080 536 2155 „cinctam“
573 2082 700 2156 dixisse,
735 2087 765 2140 et
797 2084 861 2160 ipse
895 2083 940 2142 ed.
971 2104 1016 2160 pr.
1046 2103 1194 2161 sequerer.

72 2188 134 2247 Hoc
157 2189 237 2246 enim
260 2191 347 2264 pater
371 2185 469 2244 dicere
491 2185 625 2258 videtur,
653 2184 816 2262 paedagogo
838 2205 898 2244 non
920 2189 1014 2264 magis
1036 2187 1194 2245 verberare

72 2291 158 2350 licere
178 2309 269 2366 quam
285 2289 413 2347 lucerne
430 2307 533 2360 urere;
556 2294 589 2346 ut
606 2288 733 2346 lucernae
751 2289 828 2364 ignis
844 2287 936 2348 linteo
955 2289 1021 2348 velo
1039 2291 1195 2364 mitigetur
1220 2365 1223 2370 1

73 2413 163 2470 eoque
186 2397 271 2451 tutus
293 2389 359 2464 liat,
391 2393 434 2449 114
462 2392 636 2465 magistrum
658 2410 675 2448 a
697 2389 869 2450 verberibus
897 2391 1047 2450 abstinere
1077 2390 1193 2464 debere,

72 2498 95 2554 si
116 2501 200 2554 tutus
224 2513 287 2552 esse
316 2493 397 2551 velit.
425 2523 463 2532 —
495 2493 615 2551 Hictum
643 2495 674 2551 in
702 2492 818 2552 dieresi
848 2499 877 2552 et
905 2497 935 2552 iri
964 2493 1019 2552 hoc
1048 2513 1136 2554 versu
1165 2501 1195 2552 et

73 2600 101 2656 in
133 2599 272 2675 proximo
305 2597 468 2673 legitimum
501 2595 656 2669 habemus,
699 2595 816 2656 Miiller.
846 2617 873 2656 v.
904 2599 964 2655 444
998 2617 1054 2675 pro
1088 2591 1196 2656 1404444

73 2700 166 2758 voluit
193 2696 367 2771 „istncine“.
390 2727 433 2738 -
461 2698 531 2758 445.
562 2694 699 2758 inhibere
720 2696 885 2775 imperium
908 2705 953 2758 est
975 2719 1128 2771 exercere,
1158 2699 1194 2758 cl.

73 2801 161 2862 Stich.
187 2803 260 2862 696.
305 2801 370 2860 Lis.
394 2801 446 2873 111,
472 2803 521 2874 38,
548 2803 574 2872 l,
599 2802 636 2860 41.
660 2833 702 2842 —-
717 2803 824 2877 potest
920 2799 949 2862 si
971 2796 1109 2878 copulet,
1133 2801 1193 2860 vid.

73 2905 108 2962 ad
130 2891 241 2982 rimph.
267 2905 337 2964 696.
361 2933 404 2944 -
426 2905 497 2962 446.
516 2898 698 2978 postulatu,
722 2906 741 2963 i.
760 2926 785 2963 e.
810 2905 1017 2982 expostulati0,
1042 2903 1077 2963 cf.
1097 2903 1193 2963 Oasin.

76 3009 142 3067 533.
176 3007 246 3065 Ter.
270 3006 342 3066 Hec.
369 3009 438 3066 180.
464 3036 501 3044 -
526 3005 597 3066 447.
622 3001 719 3079 Mira,
743 3007 803 3066 vid.
828 3007 865 3066 ad
888 3007 994 3082 Amph.
1020 3009 1091 3065 279.

155 3111 230 3168 448.
266 3109 444 3167 Philoxenus
472 3109 554 3186 prior
578 3107 792 3168 Mnesilochum
815 3111 973 3184 conspicit,
1007 3113 1070 3166 tum
1094 3108 1194 3182 Lydus

73 3213 197 3285 gaudet,
233 3211 312 3288 quod
340 3211 463 3270 redierit
492 3211 603 3270 sodalis
631 3211 753 3270 alumni·
772 3214 832 3284 sui,
867 3231 953 3288 quem
982 3210 1106 3287 probum
1131 3229 1194 3268 esse

73 3316 248 3374 arbitratur.
305 3313 351 3372 Sic
381 3319 461 3372 recte
492 3312 576 3372 codd.
599 3313 691 3372 verbs
718 3315 798 3372 inter
827 3333 969 3391 personas
998 3313 1192 3385 distribuunt,

72 3437 136 3476 nom
160 3415 244 3492 quod
266 3418 298 3474 in
321 3415 344 3473 B
367 3436 394 3476 4.
419 3417 479 3476 449
504 3415 687 3476 Mnesilocho
710 3415 862 3489 tribuitur,
892 3418 917 3474 is
941 3435 1025 3474 error
1048 3417 1193 3473 neminem

73 3519 155 3579 fallit.
213 3517 271 3577 Sed
299 3518 382 3576 nulla
410 3539 499 3576 cause
527 3525 584 3592 est,
620 3539 672 3578 cur
700 3519 799 3578 Herm.
824 3518 858 3579 R.
883 3518 929 3578 Fl.
952 3525 1048 3578 totum
1079 3539 1104 3577 4.
1132 3519 1192 3576 448

73 3620 154 3696 Lydo
178 3621 330 3692 tribuant3
355 3641 407 3680 nec
430 3623 542 3680 maiore
561 3625 624 3680 iure
641 3621 817 3699 R.transp.:
847 3621 915 3696 ,see
938 3623 1003 3699 quis
1027 3627 1080 3694 est,
1105 3641 1193 3698 quem

73 3731 217 3784 astantem
239 3724 287 3782 hic
309 3721 428 3798 uide0“,
452 3723 488 3784 41.
512 3723 599 3801 Seyff.
623 3725 706 3785 Stud.
730 3746 759 3802 p.
785 3728 834 3784 26.
880 3725 913 3784 14
937 3727 997 3784 449
1022 3721 1109 3784 based
1130 3729 1194 3782 iure

73 3826 187 3884 eddidit
209 3826 405 3885 Hermennus.
434 3857 486 3912 ‘.
504 3828 575 3886 450.
610 3827 750 3886 Extrema
772 3848 875 3886 versus
897 3829 1114 3905 pareflinteriit.
1160 3827 1194 3883 In

74 3929 157 3989 codd.
182 3931 244 3987 eius
266 3931 330 3988 loco
353 3930 463 4004 legitur
483 3929 685 4002 „Pistocleri“,
710 3929 790 4006 quod
813 3931 859 3988 vel
883 3932 997 3989 numeri
1015 3933 1193 4002 coarguunt3

73 4029 106 4088 R.
128 4032 297 4090 substituit:
330 4031 396 4104 „hic
418 4031 601 4108 quidemst“;
636 4035 752 4092 malim:
787 4035 856 4111 ,qui
878 4030 966 4092 fuist
997 4061 1039 4072 -
1069 4033 1140 4089 455.
1170 4026 1194 4088 lt

65 4133 116 4202 ed.
140 4155 204 4212 pc,
238 4131 290 4206 „in
312 4149 397 4193 more
421 4122 466 4206 it,
494 4135 513 4192 i.
538 4154 564 4194 e.
588 4132 786 4212 navigat“'L.
820 4165 862 4176 --
896 4138 967 4195 456.
1002 4129 1081 4192 mori
1110 4133 1191 4191 Pius.

74 4231 216 4296 obediens
249 4232 329 4294 mori
356 4232 461 4312 patris
495 4241 539 4294 est
566 4240 647 4313 patri
676 4257 786 4296 morem
815 4257 929 4314 gerens.
985 4238 1053 4296 Τ44.
1083 4235 1191 4294 114441.

75 4338 147 4397 203:
185 4338 338 4412 „Huncine
361 4343 425 4396 erat
453 4357 578 4424 ¹aequom
607 4360 642 4398 ex
671 4341 751 4398 illius
773 4361 855 4400 more
878 4361 915 4400 an
937 4341 1021 4399 illum
1047 4359 1083 4397 ex
1105 4337 1194 4396 huius

73 4437 207 4500 nivere?“
238 4471 280 4480 -
309 4443 380 4500 458.
414 4442 450 4500 ut
479 4441 593 4502 emend.
624 4441 818 4502 Hermannus.
853 4473 888 4484 -·
921 4447 992 4504 459.
1027 4441 1134 4499 llintus
1163 4440 1194 4496 in
