2932 5010
552 503 583 558 v.
602 506 745 559 aur-aas.
1149 511 1209 571 303

92 699 239 757 Pumioeos
253 699 354 758 oculos
370 699 482 772 habeo;
506 717 565 758 non
584 718 661 778 queo
679 699 854 758 Lacrumam
871 717 995 760 exorare
1012 705 1047 758 ut
1063 706 1211 777 exspuent

91 819 176 860 unam
199 797 319 860 modo“.
368 797 466 861 Aridi
495 807 592 860 autam
615 803 756 860 dicuntur
778 804 861 861 avari
883 800 1030 875 homines,
1062 803 1210 880 aquibus

91 905 214 988 pecunia
236 905 305 964 elici
327 923 386 962 non
407 905 518 982 possit,
548 905 584 964 cf.
608 905 675 964 Ter.
700 905 808 963 Heaut.
835 905 909 964 526:
947 903 1024 977 „Sed
1045 903 1136 964 hahet
1157 924 1209 981 pa-

91 1009 164 1064 trem
177 1007 327 1082 quendam
342 1007 463 1066 auidum
474 1007 614 1066 miserum
632 1011 722 1084 atque
736 1004 883 1065 aridum“.
923 1005 1017 1067 Cicer.
1029 1027 1059 1085 p.
1072 1007 1211 1079 Quinctio

92 1109 137 1181 30,
150 1110 206 1167 93:
234 1109 352 1182 „Vitam
370 1109 430 1168 sibi
448 1129 564 1186 semper
580 1108 733 1168 horridam
753 1114 843 1186 atque
860 1109 974 1168 aridam
992 1109 1077 1169 cordi
1088 1107 1208 1170 luisse“.

89 1209 226 1270 Ceterum
255 1231 292 1270 ne
320 1217 445 1290 quartus
472 1231 525 1290 pes
549 1215 717 1290 anapaestus
745 1212 797 1286 sit,
827 1210 970 1288 Seyffert,
1000 1211 1084 1272 Stud.
1111 1211 1210 1271 Plaut.

90 1317 147 1391 pb
169 1309 299 1388 ,ardus“
317 1315 570 1392 pronuntiandum
593 1319 702 1387 censet,
725 1319 759 1373 ut
780 1314 890 1392 legitur
911 1317 943 1374 in
964 1315 1031 1390 lege
1047 1313 1212 1374 Puteolana

89 1415 174 1494 corp.
192 1417 286 1476 Inscr.
303 1416 327 1490 1,
353 1421 423 1490 577,
448 1419 476 1491 2,
500 1419 538 1476 21
564 1421 595 1476 et
617 1416 697 1494 apud
719 1416 814 1475 Lucil.
831 1415 955 1490 XXVII,
979 1418 1036 1490 40;
1065 1417 1211 1476 Fleckeis.

88 1519 237 1578 licentius:
275 1520 395 1592 „addus
425 1515 544 1598 qusm“.
575 1549 617 1560 -
654 1521 724 1580 290.
758 1519 855 1594 Vulgo
885 1517 1000 1578 editur:
1044 1517 1118 1592 ,00.
1153 1519 1212 1578 Ain

88 1621 207 1681 tandem
230 1623 275 1681 ita
297 1641 368 1696 esse,
396 1629 432 1681 ut
461 1619 556 1682 dicis?
590 1621 672 1682 STR.
701 1621 777 1680 Tute
800 1625 946 1680 existumo
968 1617 1056 1680 cet.“'
1090 1621 1210 1698 Inepte;

88 1743 140 1783 nec
162 1726 277 1784 iniuria
298 1724 389 1784 talem
412 1744 531 1784 versum
553 1725 758 1784 Franckenius
784 1743 840 1802 pro
868 1725 970 1802 spurio
992 1722 1108 1782 hahuit.
1154 1723 1212 1782 Sed

88 1821 279 1887 νει-11111111
302 1822 449 1887 laudm?
481 1827 557 1886 nihil
579 1827 749 1887 addendum
772 1831 832 1899 est,
863 1847 891 1886 v.
915 1826 953 1884 ad
974 1827 1057 1885 Asin.
1083 1827 1158 1898 892,
1183 1831 1212 1884 et

89 1937 164 1988 recte
187 1929 276 1990 codd.
299 1935 368 2007 post
390 1949 426 1990 ea
447 1929 572 1990 Strobili
594 1949 703 1989 nomen
724 1933 848 2006 ponunt.
889 1927 975 2001 Quod
998 1930 1024 1988 si
1042 1930 1105 1987 eius
1121 1929 1213 1987 verba

89 2038 163 2104 aunt,
188 2053 256 2111 quae
274 2037 447 2110 sequuntur,
472 2037 597 2110 apparet
619 2027 701 2091 dicis
722 2051 847 2110 pravum
870 2051 947 2103 esse;
972 2049 1107 2090 necnon
1130 2049 1211 2089 erro-

88 2153 148 2194 rem
170 2135 383 2194 animadvertit
409 2135 550 2194 librarius
582 2134 750 2211 archetypi,
786 2139 817 2192 ct
848 2131 1014 2209 corrigendi
1044 2151 1134 2191 causa
1161 2133 1211 2190 ad·

87 2239 206 2315 scripsit
223 2253 268 2310 σο,
292 2237 373 2314 quod
389 2239 539 2317 posterior
554 2237 696 2296 librarius
712 2255 768 2314 pro
785 2255 920 2314 personae
936 2238 1056 2294 nomine
1075 2236 1210 2310 sumpsit.

90 2337 152 2398 tute
173 2335 333 2412 0119111111,
355 2341 420 2417 ipse
448 2339 589 2399 iudicato.
620 2368 658 2380 -
691 2341 762 2398 291.
789 2332 873 2415 Quia
894 2341 964 2398 novi
987 2337 1101 2416 aliquid
1124 2337 1212 2396 affert

88 2442 219 2501 eiusdem
252 2444 386 2520 generis,
421 2442 503 2520 quod
536 2443 626 2502 etiam
658 2445 753 2500 maius
785 2441 939 2514 videatur,
974 2441 1010 2500 cf.
1043 2443 1114 2500 294.
1140 2443 1211 2500 304.

91 2543 184 2604 Oasin.
199 2547 357 2605 ors—85.
391 2543 479 2622 Epid.
494 2546 565 2604 248.
604 2544 669 2604 Mil.
691 2546 781 2604 1117.
805 2545 843 2603 al.
855 2574 898 2585 —
915 2537 1038 2616 clamat,
1050 2543 1212 2620 implorat,

90 2647 124 2706 cf.
147 2648 272 2707 Petrou.
298 2650 352 2708 58:
378 2647 467 2722 „licet
488 2647 589 2706 Iovem
611 2646 781 2724 Olympium
804 2643 944 2705 clames“.
978 2646 1114 2706 Ceterum
1136 2645 1214 2704 huno

91 2768 204 2809 versum
229 2769 320 2827 quum
342 2749 484 2809 librarius
507 2751 661 2826 archetypi
684 2769 784 2808 errore
806 2751 962 2822 omisisset,
984 2751 1122 2826 proximo
1145 2749 1214 2808 sub·

90 2853 192 2912 iunxit.
238 2852 382 2911 Errorem
404 2852 619 2912 animadvertit
640 2851 814 2911 Gulielmus.
837 2881 880 2891 -
907 2853 979 2910 292.
1014 2847 1213 2925 eradicaricr,

91 2955 233 3014 radicitus
257 2955 359 3028 evelli,
388 2955 524 3014 funditus
545 2953 646 3031 perdi,
676 2955 712 3013 cf.
736 2955 823 3013 Truo.
848 2955 923 3013 649:
968 2954 1147 3026 „Eradioare
1170 2959 1216 3012 est

90 3063 202 3116 certum
226 3077 292 3117 eum
314 3058 420 3135 primis
442 3051 591 3133 patrem“.
630 3055 722 3115 Marc.
749 3057 821 3115 763.
855 3049 923 3115 Ter.
947 3055 1054 3116 Heaut.
1079 3057 1150 3115 539.
1174 3083 1216 3097 -

91 3159 160 3218 293.
197 3157 235 3220 de
258 3175 315 3219 suo
339 3153 458 3237 1191110,
492 3179 560 3218 narn
593 3158 698 3235 tigillis
731 3158 999 3235 suspendebantur,
1035 3177 1101 3235 quae
1136 3159 1215 3217 fumo

91 3262 292 3322 conservanda
314 3267 413 3337 erant,
436 3267 471 3321 nt
491 3279 606 3340 pernas,
629 3279 694 3319 uva
716 3279 827 3338 passas,
851 3259 1025 3333 cucurbita,
1050 3259 1153 3332 sorba,
1177 3261 1213 3320 cf.

91 3363 211 3426 Petron.
239 3367 313 3424 135:
351 3363 521 3440 ,Praeterea
547 3383 621 3441 quas
649 3363 763 3424 fumoso
792 3381 935 3440 suspensa
961 3362 1061 3439 tigillo
1092 3362 1215 3422 Conser-

89 3466 179 3525 vabat
201 3487 273 3544 opes
295 3467 416 3526 humilis
438 3463 542 3540 case“;
576 3467 760 3544 quinetiam
783 3468 884 3525 vinum
906 3467 937 3524 in
959 3465 1093 3524 lomariis
1115 3464 1216 3524 condi·

92 3571 154 3628 tum
182 3589 248 3629 esse
275 3572 410 3630 novimus
438 3589 475 3627 ex
503 3569 576 3628 Hor.
600 3567 736 3643 Od.111,
768 3570 801 3643 8,
833 3567 881 3628 11.
936 3567 1070 3628 Martial.
1092 3567 1135 3642 X,
1167 3570 1216 3628 36.

92 3669 170 3730 Male
191 3673 327 3732 Isidorus
350 3673 432 3751 Orig.
455 3672 538 3745 XIX,
565 3673 603 3732 10
627 3691 646 3730 a
666 3671 768 3746 tegula
790 3670 921 3744 deducit,
946 3677 976 3730 et
998 3670 1146 3731 Gruterus
1170 3691 1217 3730 ca·

92 3775 200 3834 minam
222 3777 454 3853 interpretatum
487 3774 602 3834 Nonius
632 3779 732 3836 autem
761 3793 790 3851 p.
817 3775 877 3834 134
907 3778 938 3832 et
965 3781 1103 3852 corrupte
1131 3774 1216 3851 legit:

96 3881 164 3949 ,tuo
196 3878 300 3953 ligello
328 3878 413 3937 haisti
441 3895 501 3954 qua
531 3877 592 3935 exis
625 3873 737 3950 foras“,
773 3881 804 3936 et
831 3875 912 3953 quod
944 3876 1095 3951 „ligellum
1129 3881 1217 3951 tugu-

95 3980 210 4054 riolum,
235 3980 418 4040 domicilium
440 3976 549 4038 breve“
575 3985 705 4053 enarrat,
727 3987 839 4038 temere
862 3979 1020 4038 confictum
1043 3985 1097 4037 est.
1132 3977 1218 4050 Quod

96 4101 184 4159 quum
206 4083 405 4142 intellexisset
425 4079 592 4155 Turnebus,
621 4077 784 4157 ,ligillum“
810 4083 938 4142 coniecit
963 4101 999 4154 ,a
1020 4081 1101 4158 ligno
1123 4086 1157 4138 ut
1179 4083 1217 4139 si·

96 4185 196 4258 gillam
220 4207 238 4246 a
266 4187 362 4260 siguo.
385 4179 553 4244 Iacturam“
583 4185 682 4262 inquit
713 4205 762 4258 ,se
791 4185 889 4244 lacere
912 4185 1067 4244 existimat
1089 4201 1149 4241 non
1170 4201 1216 4242 so·

95 4285 155 4346 lum
176 4291 202 4348 si
224 4289 272 4347 vel
293 4287 447 4347 tantillum
474 4287 550 4363 ligni
572 4288 603 4345 in
626 4287 690 4346 foco
712 4293 834 4360 uratur,
868 4288 922 4346 sed
949 4288 1039 4346 etiam
1067 4287 1093 4344 si
1120 4285 1217 4344 fumus

92 4409 132 4448 ex
148 4411 182 4450 eo
199 4394 231 4452 in
249 4409 352 4450 auram
369 4385 561 4467 dissipetur“.
607 4389 700 4462 Quam
716 4391 926 4450 Taubmannus
948 4392 1013 4449 iure
1035 4389 1219 4467 hyperbolen
