2960 5012
303 563 347 624 54
815 553 908 609 flenti

758 742 964 810 Strobilos

305 855 398 939 Ipsus
421 859 480 920 est.
887 915 890 920 .

755 957 976 1044 Lyconides

519 1063 622 1136 Haud
644 1067 730 1134 elius
753 1073 812 1134 est.

760 1175 965 1242 Strobilos
1455 1214 1459 1223 ·

829 1281 1038 1367 Congredier.
1453 1223 1459 1423 1

753 1391 976 1478 Lyconides
1457 1426 1458 1516 y

1065 1496 1249 1564 Contollam
1271 1497 1396 1582 gradun

312 1605 415 1674 Credo
439 1629 497 1693 ego
519 1607 624 1690 illurn,
645 1589 797 1689 utiussi,
819 1627 951 1693 eernpse
973 1625 1072 1672 annm
1094 1606 1218 1688 adisse,
1241 1605 1332 1671 huius
1351 1625 1399 1668 nu·

1013 1715 1129 1780 tricem
1150 1715 1294 1797 uirginis.
1457 1715 1458 1752 ³

762 1823 968 1890 Strobilos

305 1931 392 2012 Quin
415 1953 474 2018 ego
495 1931 544 1999 illi
565 1953 617 1999 me
639 1933 803 1998 inuenisse
826 1931 899 1996 dioc
920 1931 1004 1997 hano
1026 1931 1181 2016 praedam
1205 1931 1281 1997 ...?

304 2039 409 2124 igitur
431 2041 543 2125 orabo,
566 2047 605 2108 ut
625 2059 725 2106 manu
746 2061 797 2105 me
820 2042 959 2105 emittet.
1003 2038 1062 2106 Ibo
1085 2045 1186 2124 etque
1209 2021 1346 2124 eloquor.

301 2145 445 2232 Repperi
465 2185 509 2196 -
1458 2139 1459 2178 ³

750 2255 980 2341 Lyconides
1458 2303 1459 2338 3

549 2363 636 2444 Quid
656 2364 852 2448 repperisti?
1458 2373 1460 2479 y

758 2470 965 2538 Strobilos
1458 2505 1459 2566 y

824 2578 908 2660 Non,
931 2579 1019 2664 quod
1040 2580 1135 2664 pueri
1155 2580 1324 2646 clamitent
1358 2591 1398 2647 810

303 2687 341 2752 In
363 2687 441 2754 fabe
462 2707 497 2754 se
519 2688 712 2773 repperisse.

750 2793 972 2879 Lyconides

731 2903 844 2970 Iamne
868 2909 986 2984 eutem,
1009 2910 1047 2969 ut
1069 2901 1163 2985 s'oles,
1187 2903 1332 2970 deludis?

757 3009 965 3077 Strobilos

308 3119 382 3200 Ere,
404 3139 515 3201 mene;
537 3119 685 3202 eloquer;
707 3121 774 3186 iam
795 3119 965 3185 ausculta:

748 3225 973 3313 Lyconides

883 3335 951 3419 Age
974 3356 1051 3420 ergo
1073 3335 1217 3418 loquere.

760 3441 970 3510 Strobilos

1148 3551 1289 3636 Repperi
1310 3541 1401 3621 hodie,

305 3657 380 3737 Ere,
403 3656 537 3723 diuitias
557 3658 683 3723 nimias.

748 3765 972 3849 Lyconides

561 3871 727 3939 Ubinam?

759 3979 968 4048 Strobilos

568 4089 818 4170 Quadrilibrem‚
847 4091 988 4174 inquam,
1011 4091 1120 4156 aulam
1142 4093 1214 4156 auri
1237 4091 1402 4176 plenem-

370 4345 421 4400 806
439 4345 514 4400 eliud
587 4347 639 4398 807
657 4361 717 4400 earn
736 4346 795 4414 ipse
864 4349 914 4401 808
932 4344 1063 4417 praedam
1082 4351 1165 4414 etque
1184 4345 1298 4415 eloquor
1360 4333 1404 4390 809
1453 4319 1454 4338 ³

302 4445 363 4484 mee
379 4430 476 4484 mittet
544 4429 653 4499 Iboque
673 4435 755 4500 etque
824 4433 876 4486 810
892 4431 1015 4501 Repperi
1032 4433 1108 4501 qnod
