2932 5010
228 537 297 599 300
720 533 868 588 Aulularia.

233 724 419 806 exporgite“.
459 726 566 786 Absint
587 729 681 802 igitur
703 727 879 786 emendandi
902 735 1033 802 conatus,
1057 735 1092 788 ut
1109 729 1241 790 Acidalii
1262 751 1356 808 ,pura

232 826 378 907 properc“
409 835 461 888 aut
494 849 586 907 „pure
608 828 855 908 properamque“,
883 833 1047 909 prasertim
1079 851 1171 909 quum
1199 852 1256 892 nec
1283 833 1355 892 illud

232 933 355 991 verbum
372 951 426 991 nec
449 931 505 991 hoc
528 931 701 991 adverbium
724 933 797 992 alibi
819 933 998 1009 inveniatur,
1023 932 1125 994 Guiati
1147 951 1271 1010 „prome
1289 955 1354 1013 pro·

231 1031 335 1112 pere“,
353 1033 532 1092 Franckenii
553 1051 666 1112 „purga
685 1032 844 1112 propere“.
859 1065 902 1076 -
914 1037 985 1094 263.
1007 1030 1101 1096 bodie
1118 1049 1173 1113 696
1184 1037 1242 1096 1666
1253 1037 1354 1096 ordine

229 1137 329 1210 codd,
354 1136 420 1194 edd.
432 1137 607 1214 plerumque
624 1140 753 1196 inverso.
766 1167 807 1179 -
821 1139 892 1197 264.
914 1153 979 1198 stou
993 1139 1105 1214 polest,
1126 1159 1165 1197 66.
1185 1137 1260 1212 fieri,
1279 1159 1306 1198 v.
1320 1140 1355 1198 ad

233 1237 341 1317 Amph.
364 1241 433 1298 169.
456 1267 500 1278 -
522 1241 593 1300 266.
617 1235 668 1300 ubi
684 1241 780 1299 altera
798 1239 902 1315 longa3
926 1241 1027 1318 atque,
1050 1261 1078 1299 v.
1097 1240 1216 1316 Proleg.
1234 1261 1264 1318 p.
1279 1244 1353 1315 205,

233 1341 283 1400 Fr.
299 1341 395 1414 „Tace
407 1337 472 1400 tu“.
487 1371 524 1382 -
539 1344 610 1401 266.
629 1341 739 1401 Versus
752 1341 908 1416 claudicat,
922 1342 1019 1402 Guiet.
1032 1345 1233 1420 transposuit:
1258 1345 1355 1416 ,aedis

229 1441 391 1517 ocoludc“;
413 1446 477 1502 veri
500 1445 625 1503 similius
648 1449 692 1502 cet
715 1443 858 1502 excidisse
887 1444 1040 1520 syllabam.
1085 1443 1233 1524 Spengel,
1259 1446 1352 1505 Plaut.

227 1547 312 1604 ’223ε
350 1545 546 1618 „occludito“,
571 1546 672 1619 Koch,
696 1547 772 1604 Ann.
795 1545 869 1624 phil.
894 1545 987 1618 CVII,
1019 1549 1097 1606 840:
1135 1549 1254 1624 „Atque
1277 1547 1352 1620 audi,

232 1645 390 1720 occlude“;
425 1669 478 1707 nos
506 1649 591 1706 olim:
630 1647 721 1722 „Nam
745 1643 848 1726 quid“.
874 1677 911 1688 -
937 1651 1008 1708 266.
1044 1649 1166 1707 Versum
1200 1669 1260 1708 une
1290 1670 1352 1708 cum

231 1769 259 1810 v.
284 1753 323 1810 75
354 1750 439 1809 affert
467 1749 581 1809 Nonius
603 1771 632 1828 p.
657 1753 733 1823 217,
764 1752 854 1809 etiam
882 1752 913 1809 in
941 1769 1005 1810 voc.
1028 1746 1125 1811 Nacta
1151 1754 1352 1825 consentiens;

231 1853 296 1911 iure
323 1859 423 1911 tamen
445 1852 631 1912 Camerarius
657 1847 768 1926 „Nam“
794 1853 970 1912 emendavit.
993 1883 1037 1894 —
1060 1856 1130 1913 269.
1158 1855 1351 1929 conpotem,

229 1973 270 2014 66.
284 1955 435 2027 occultari,
459 1955 494 2014 cf.
509 1955 594 2033 capt.
609 1958 679 2015 302.
702 1983 746 1996 -·-
769 1957 839 2014 270.
862 1952 978 2029 cento,
1002 1957 1207 2016 coniunctivae
1229 1963 1352 2034 propter

227 2057 382 2134 obliquam
404 2059 578 2131 orationem,
602 2063 636 2117 ut
657 2077 686 2116 v.
711 2059 782 2116 266.
827 2057 910 2117 Ourc.
936 2060 1013 2132 253;
1037 2079 1065 2119 v.
1089 2057 1127 2117 ad
1148 2059 1259 2137 Amph.
1283 2061 1351 2118 952.

229 2157 387 2234 Wagner.:
414 2157 562 2236 „uenict“.
585 2189 628 2200 -
651 2162 722 2219 271.
747 2159 805 2218 Pro
836 2163 978 2237 corrupto
1010 2159 1205 2234 ,minixtum“
1233 2160 1349 2222 Gruter.

234 2260 440 2334 ,immixtim“.
464 2263 573 2322 Melius
585 2261 769 2322 Gronovius:
786 2263 912 2337 „melum
926 2281 1062 2322 maerore
1074 2261 1231 2322 mixtum“.
1261 2265 1351 2323 Fran-

224 2363 331 2423 cken:
358 2365 487 2438 „malum
506 2384 668 2423 maerorem
692 2371 792 2422 metuo
815 2384 851 2422 ne
874 2366 1032 2423 inmixtum
1052 2362 1084 2439 (i.
1098 2383 1122 2423 e.
1135 2385 1194 2423 non
1213 2361 1350 2442 mixtum)

229 2465 361 2525 bibam“.
413 2466 541 2544 Vulgata
562 2468 713 2545 allegoria,
743 2467 768 2525 si
796 2467 869 2543 quid
899 2467 971 2525 mali
993 2465 1180 2525 tolerandum
1209 2475 1265 2540 eet,
1289 2487 1349 2527 cum

228 2569 352 2645 potione
379 2575 430 2626 aut
453 2568 518 2626 cibo
542 2575 747 2646 comparatur,
772 2569 808 2628 cf.
832 2569 899 2627 Ter.
922 2567 1040 2628 Phorm.
1066 2569 1141 2627 318:
1180 2569 1275 2640 „Tute
1297 2569 1349 2628 hoc

228 2671 357 2742 intristi;
385 2669 442 2727 tibi
465 2677 581 2728 omnent
604 2665 819 2730 exedendum“.

314 2978 374 3034 272
408 2997 474 3055 sqq.
504 2979 622 3036 senarii.
652 2977 799 3038 Strobilns
833 2979 989 3054 Megadori
1021 2997 1124 3038 servus
1158 2981 1254 3036 intrat
1289 2995 1347 3036 cum

222 3081 330 3157 coquis
354 3079 467 3139 duobus
488 3080 679 3158 tibicinisque
708 3081 823 3140 duabus
851 3083 881 3139 in
903 3081 969 3140 foro
992 3081 1144 3140 conductis
1166 3082 1348 3158 opsonioquc

226 3181 336 3240 ibidem
360 3188 471 3259 empto.
499 3183 543 3242 De
566 3183 697 3261 coquis
725 3185 842 3260 copiose
864 3185 927 3260 agit
948 3184 1112 3242 Athenaeus
1132 3183 1210 3255 XIV,
1235 3203 1266 3260 p.
1292 3183 1347 3240 666

223 3303 302 3363 sqq,
327 3287 378 3363 qui
401 3286 482 3363 quod
505 3285 659 3344 liberalem
681 3286 757 3345 hano
774 3294 867 3345 artem
889 3285 928 3345 ab
950 3287 1037 3343 initio
1060 3285 1150 3344 fnisse
1169 3285 1258 3343 docet
1278 3285 1347 3342 eius·

222 3407 284 3464 -que
307 3392 351 3446 rei
374 3388 482 3446 Alexin
505 3393 654 3446 auctorem
678 3388 785 3448 laudat
815 3385 887 3462 (661
913 3383 946 3464 d)
970 3387 1209 3464 Macedonasque
1234 3388 1347 3446 demam

227 3489 356 3548 affirmet
367 3509 469 3549 servos
488 3509 599 3566 coquos
617 3491 825 3564 introduxisse,
851 3511 885 3550 ac
902 3509 940 3549 nc
958 3491 988 3548 in
1007 3489 1157 3549 comoediis
1174 3489 1306 3565 quidem,
1325 3487 1346 3545 si

225 3611 317 3650 unum
339 3591 535 3668 Posidippum
555 3594 714 3669 exceperis,
738 3613 838 3652 servos
857 3613 967 3672 coquos
985 3595 1114 3652 inveniri
1132 3589 1207 3664 (658
1227 3589 1265 3665 f),
1288 3593 1346 3649 sine

221 3692 316 3751 dubio
339 3693 464 3753 fallitur.
509 3695 649 3772 Antiquis
671 3697 903 3756 Atheniensibus
926 3697 1080 3774 epularum
1103 3696 1224 3753 luxuria
1247 3711 1346 3772 peram

223 3801 298 3855 nota
316 3797 381 3868 fuit,
407 3803 436 3854 et
459 3796 644 3873 aliquamdiu
666 3801 870 3875 probatissimi
887 3801 975 3877 coqui
994 3797 1086 3857 Siculi
1103 3799 1193 3856 luisse
1210 3795 1346 3854 videntur

225 3897 300 3973 (661
327 3919 352 3957 6.
375 3893 415 3975 f),
450 3905 481 3957 66
508 3900 601 3958 sicubi
624 3901 682 3960 duo
706 3891 792 3979 coqui
815 3901 1081 3980 componebantur,
1111 3899 1188 3958 alter
1210 3899 1346 3975 indigena

222 3997 382 4076 (Maesone),
417 4003 495 4060 alter
528 4001 642 4062 advena
676 4001 801 4077 (Tettix)
829 4005 902 4078 (659
927 4003 972 4077 a),
1007 4003 1054 4062 bic
1086 4003 1176 4076 longe
1211 4001 1344 4078 prafere

225 4103 326 4178 batur3
351 4107 403 4184 sed
426 4105 539 4164 comica
561 4111 605 4162 est
633 4125 668 4164 ea
694 4106 758 4164 laus
787 4114 817 4164 et
844 4105 990 4165 irridendi
1013 4125 1102 4164 causa
1124 4103 1216 4162 faeta.
1272 4099 1343 4161 Illud

222 4227 327 4266 rerum
352 4213 412 4281 est,
435 4207 631 4266 Athenienses
659 4227 784 4285 coquos,
809 4209 911 4287 quales
933 4212 965 4268 in
988 4207 1138 4267 comoediie
1161 4207 1341 4275 exhibentur,

220 4329 326 4368 ‚servos
349 4309 528 4370 domesticos
552 4311 639 4387 vulgo
662 4329 721 4369 non
743 4311 895 4384 habuisee3
918 4329 1014 4380 unum,
1032 4311 1096 4370 eius
1117 4313 1163 4369 rei
1182 4308 1341 4386 exemplum

221 4418 321 4484 extet,
350 4411 512 4488 Cylindrus
534 4411 632 4472 Erotii
655 4415 820 4472 meretricis
843 4433 955 4490 coquus
977 4415 1009 4472 in
1031 4411 1238 4484 Monechmie;
1272 4427 1340 4469 mer·
