2922 5006
250 508 311 570 232
398 559 401 566 .
753 498 846 554 Plauti

700 688 922 756 Palinurus

248 801 378 867 Fateor.

731 922 890 1006 Coquoa

426 1032 498 1114 Abi,
522 1031 687 1117 deprome.

701 1173 922 1241 Palinurus

731 1285 799 1367 Age
822 1291 858 1349 tu
882 1287 1011 1350 interea
1033 1283 1111 1350 huie
1136 1285 1289 1350 somnium
1313 1297 1354 1352 266

248 1393 372 1473 Narra3
397 1391 573 1470 meliorem,
599 1413 696 1476 quam
722 1413 781 1476 ego
804 1414 886 1472 aum,
909 1414 1060 1477 suppono
1083 1391 1157 1472 tibi;

248 1501 341 1580 Nam,
366 1500 455 1583 quod
479 1500 556 1579 seio,
580 1519 677 1564 omne
700 1521 741 1565 ex
762 1499 825 1566 hoo
849 1503 927 1566 seio.

703 1641 922 1726 Cappadox

939 1751 1080 1837 Operam
1104 1759 1142 1818 ut
1165 1751 1228 1816 det.

697 1880 923 1969 ¹Palinurus

1261 1985 1354 2054 Dabit.

704 2120 924 2207 Cappadox

247 2231 341 2297 Facit
364 2230 425 2310 hie,
450 2229 537 2313 quod
560 2231 671 2314 pauci,
694 2236 732 2296 ui
755 2233 799 2296 ait
820 2233 978 2314 magistro
1002 2231 1196 2314 obsequens.

248 2339 299 2404 Da
321 2339 400 2403 mihi
423 2340 523 2422 igitur
546 2359 688 2421 operam.

736 2462 892 2548 Coquos

708 2572 788 2637 Tam
812 2574 874 2638 etsi
897 2595 961 2638 non
984 2574 1072 2654 noui,
1097 2572 1192 2639 dabo.

701 2713 920 2799 Cappadox

249 2821 319 2887 Hac
341 2827 436 2888 noete
459 2823 493 2894 in
516 2821 638 2887 somnis
661 2822 755 2887 uisus
779 2843 851 2887 aum
873 2825 998 2889 tuerier

247 2930 368 2995 Procul
391 2929 506 2996 sedere
529 2929 624 3014 longe
648 2951 668 2995 a
690 2951 741 2996 me
764 2930 999 3015 Aesculapium

246 3038 361 3123 Neque
385 3059 458 3104 eum
482 3039 524 3104 ad
547 3060 598 3103 me
621 3039 724 3118 adire,
748 3060 854 3123 neque
878 3061 928 3104 me
952 3040 1223 3125 magnipendere

245 3147 370 3214 Uisust.

728 3254 885 3338 Coquos

420 3363 504 3428 Item
527 3363 610 3429 alios
635 3365 714 3430 deos
737 3364 885 3429 facturos
909 3365 1053 3445 seilicet3

246 3471 332 3536 Sane
356 3471 404 3535 illi
426 3473 513 3535 inter
536 3493 571 3538 se
595 3481 779 3556 congruunt
802 3471 1019 3538 concorditer.

245 3579 336 3645 Nihil
359 3584 410 3644 est
432 3579 629 3660 mirandum,
652 3580 769 3646 melius
792 3581 820 3646 ai
841 3579 922 3646 nihil
946 3582 990 3646 sit
1012 3581 1088 3662 tibi3
1311 3588 1354 3645 266

244 3685 394 3769 Namque
417 3687 573 3753 incubare
596 3689 700 3754 satius
724 3695 757 3755 te
780 3689 889 3754 fuerat
911 3689 991 3770 leui,

245 3794 307 3875 Qui
330 3793 392 3860 tibi
415 3794 538 3862 auxilio
562 3797 595 3862 in
618 3799 689 3862 iure
713 3797 851 3863 iurando
875 3795 948 3862 fuit.

699 3939 917 4024 Cappadox

245 4047 279 4112 Si
302 4047 434 4132 quidem
457 4047 616 4113 incubare
640 4049 754 4128 uelint,
779 4050 834 4132 qui
858 4050 1111 4132 periurauerint,

244 4155 350 4220 Locus
372 4177 437 4221 non
461 4156 613 4240 praeberi
636 4158 723 4241 potis
747 4159 849 4223 estin
873 4157 1046 4241 Capitolio

245 4317 472 4328 -—--—-..—-

312 4391 363 4444 260
381 4389 503 4445 uiderier
573 4391 623 4444 266
640 4387 673 4444 fit
742 4392 792 4444 267
811 4391 944 4444 arixilium
1063 4405 1066 4411 ’
