2960 5012
76 539 105 610 v,
115 541 208 596 14—21
547 539 701 596 ennaea.

509 727 738 814 Lyconides

75 837 162 916 Quod
183 857 242 921 ege
264 835 392 904 facinus
415 835 515 902 sudio
539 857 579 902 ex
601 837 661 902 ie?

522 943 728 1010 Strobilos

659 1052 810 1119 Euclioni
831 1051 909 1118 huic
933 1051 1002 1117 seni
1024 1048 1182 1135 subripui.

512 1160 741 1246 Lyconides

77 1267 133 1333 Ubi
153 1267 186 1334 id
209 1274 260 1334 est
282 1269 420 1335 omnm?

528 1375 735 1444 Strobilos

218 1485 257 1551 In
279 1505 357 1551 erce
379 1484 467 1570 opud
490 1505 552 1549 me.
591 1484 684 1550 Nunc
706 1483 780 1550 uolo
803 1503 855 1550 me
878 1481 984 1548 emitti
1005 1503 1112 1547 mann.
1131 1495 1182 1551 815

516 1591 743 1676 Lyconides

77 1701 180 1784 Egone
200 1709 234 1768 te
257 1701 407 1768 emittam
429 1721 538 1778 manu,
561 1699 719 1766 scelerum
743 1697 1032 1766 cumuletissume?

524 1805 732 1874 Strobilos

79 1916 142 1998 Abi,
163 1938 231 1998 ere;
255 1919 335 1996 scio,
358 1933 458 2001 quem
479 1935 549 1981 rem
570 1936 675 1998 geras.

80 2023 190 2108 Lepide
211 2023 323 2090 hercle
347 2024 489 2090 cnimnm
511 2029 605 2088 inum
634 2023 804 2108 temptaui.
859 2019 944 2101 Iam,
971 2026 1009 2085 ut
1036 2019 1186 2103 eriperes,

783 2128 979 2216 adparabas.

81 2235 154 2314 Quid
175 2239 311 2320 faceres,
333 2241 361 2305 si
383 2239 623 2324 repperisscm?

515 2345 741 2430 Lyconides

679 2453 753 2520 Non
775 2458 871 2538 potes
893 2450 1053 2538 probasse
1075 2471 1188 2536 nugas.

82 2559 105 2639 1,
121 2561 216 2629 redde
239 2581 365 2628 surum.

524 2669 737 2736 Strobilos

266 2777 415 2845 Reddam
437 2800 497 2864 ego
520 2779 656 2844 aurum?

450 2939 457 2954 .
513 2885 742 2972 Lyconides

421 2994 543 3075 Redde,
567 2995 711 3079 inquam,
733 2999 771 3059 ui
792 2992 869 3058 huic
891 2990 1058 3057 reddetur.

533 3103 735 3169 Strobilus
893 3107 894 3111 ’

990 3204 1105 3271 Unde?
1141 3220 1192 3276 820

518 3317 745 3403 Lyconides

89 3417 171 3497 Quod
191 3425 286 3493 modo
308 3425 448 3493 fassus's
472 3447 542 3492 esse
563 3427 598 3491 in
621 3445 708 3490 arce.

528 3533 739 3600 Strobilos

595 3640 690 3708 Soleo
713 3639 823 3707 hercle
846 3659 905 3724 ego
927 3639 1054 3722 garrire
1076 3657 1191 3720 nugas.

521 3749 747 3836 Lyconides

96 3849 194 3921 dano
214 3856 339 3940 cocos?

531 3963 738 4031 Strobilos

351 4071 405 4138 Its
426 4071 553 4157 loquor.

98 4217 303 4237 Ἢ

150 4323 197 4380 814
216 4327 273 4397 Quo
343 4327 490 4383 Henolioni
568 4329 739 4384 elensius
809 4327 966 4384 cnmnlsbns
986 4341 1063 4381 sume
1143 4323 1193 4377 821

96 4399 170 4462 ferens
186 4429 212 4466 es
230 4430 288 4468 esse
357 4415 408 4468 822
426 4412 521 4468 Garris
539 4431 627 4484 nugas
646 4430 697 4470 oros.
