2956 5010
544 481 576 535 v.
595 483 738 536 ser—524.
1141 490 1203 551 493

87 681 157 737 399:
195 677 322 750 ,Melius
350 683 396 736 est
423 678 537 734 uirtute
565 679 625 748 ius;
660 697 728 736 uam
752 699 841 758 saepe
864 681 1010 738 uirtutem
1033 678 1204 738 555111155-

86 783 247 854 ciscuutur;
281 781 440 856 inestque
471 799 596 855 aequom
629 799 659 838 se
682 801 700 838 a
727 783 813 840 malis
846 784 961 860 spernit
994 779 1128 860 procul“.
1163 811 1205 821 -

87 884 153 942 513.
176 877 344 958 sperabitis
366 882 422 955 est,
446 883 562 960 sperari
584 887 692 960 potest.
718 914 759 924 —
783 886 853 944 514.
877 880 980 957 esitio,
1004 889 1023 944 i.
1048 904 1073 944 e.
1098 885 1207 966 exitus,

85 985 117 1043 cf.
140 983 260 1044 Trucul.
286 987 361 1043 508:
388 983 485 1057 „Quid
508 983 552 1042 illi
575 1003 611 1042 ex
633 991 719 1045 utero
742 989 835 1046 exitio
858 984 944 1046 est?“
971 986 1006 1046 cf.
1034 981 1202 1064 ,55115515α

83 1087 158 1146 iufra
187 1089 259 1146 620.
321 1085 355 1144 In
384 1086 449 1146 cod.
479 1086 640 1164 archetypo
673 1092 802 1166 primum
837 1108 938 1147 errore
967 1091 1110 1168 scriptum
1140 1096 1205 1148 erat

86 1186 254 1264 „exilium“,
278 1187 385 1247 deinde
408 1208 478 1246 vcra
502 1207 559 1246 vox
581 1188 740 1268 adscripta.
787 1189 975 1250 Camerarius
1003 1192 1080 1250 male
1108 1198 1205 1270 poete·

82 1311 176 1350 rorem
210 1312 313 1350 vocem
347 1293 450 1363 eiecit,
485 1291 638 1349 Bentleiue
668 1292 786 1367 longius
814 1311 989 1370 progressus
1021 1291 1202 1366 „auxilium“

82 1397 246 1474 rescripsit,
269 1396 340 1452 item
363 1394 408 1454 Fl.
432 1393 497 1466 Br.;
527 1391 621 1472 Gepp.
655 1391 873 1473 ,expectatio“.
929 1396 1002 1455 Mox
1025 1390 1205 1472 quaetione

84 1519 145 1556 cum
168 1498 253 1556 hiatu
280 1496 446 1574 legendum.
503 1491 650 1574 aspellat,
685 1499 704 1556 i.
730 1517 755 1556 e.
779 1497 939 1576 abspellat,
973 1499 1086 1572 legitur
1115 1502 1206 1556 etiam

82 1601 172 1660 Merc.
195 1602 265 1660 113.
300 1599 380 1658 Trin.
400 1600 470 1658 672,
494 1628 536 1638 -
558 1597 622 1658 Vss.
649 1601 794 1660 513-15
819 1601 864 1660 Fl.
888 1607 919 1658 et
942 1601 991 1659 Br.
1016 1622 1071 1678 pro
1095 1602 1206 1679 spuriis

82 1703 199 1774 habent,
224 1722 278 1760 nee
300 1703 387 1760 aliter
409 1701 494 1760 Gotz.
518 1703 549 1758 in
571 1702 637 1760 Act.
664 1702 745 1780 Lips.
763 1703 812 1775 Vl,
836 1725 865 1782 p.
880 1705 951 1762 259.
985 1703 1062 1760 Mihi
1086 1702 1206 1780 quidem

83 1805 155 1864 duos
178 1806 296 1883 priores
325 1805 469 1878 genuinos
497 1823 561 1861 csse
588 1823 764 1882 persuasum
794 1811 852 1878 cet;
886 1807 993 1862 tertius
1023 1809 1126 1882 aperta
1150 1806 1205 1862 cir·

83 1908 259 1966 cumlocutio
287 1912 332 1964 est
364 1907 492 1984 proximi
519 1925 636 1978 versus,
672 1927 707 1964 ex
737 1927 796 1983 quo
825 1909 915 1966 etiam
944 1927 1003 1966 vox
1033 1907 1207 1964 mantellum

82 2017 199 2068 retenta
229 2017 289 2082 est,
323 2029 376 2066 nec
404 2008 527 2088 probari
554 2014 654 2086 potest
684 2012 853 2068 coniectura
881 2031 897 2067 a
920 2008 1064 2067 Lambiuo
1087 2015 1208 2088 recepta

85 2107 371 2188 „integumentum“.
432 2111 466 2170 V.
504 2113 564 2170 516
600 2118 699 2169 autem
739 2111 895 2188 Tyndarus
934 2114 1086 2188 queritur,
1128 2111 1208 2190 quod

82 2216 155 2274 nihil
190 2210 315 2274 obuiam
348 2215 400 2286 sit,
435 2216 455 2270 i.
480 2234 504 2271 e.
533 2220 655 2290 praesto
683 2217 736 2286 sit,
773 2234 831 2290 quo
865 2213 966 2273 dolum
999 2234 1084 2272 suum
1112 2220 1203 2288 tegat.

81 2311 262 2378 oeotttellum
284 2335 338 2394 pro
361 2317 484 2374 manteli
505 2315 711 2392 Philargyrius
734 2317 771 2374 ad
795 2316 902 2393 Georg.
921 2316 970 2388 IV,
996 2317 1056 2374 377
1082 2336 1118 2374 ex
1140 2316 1169 2375 h.
1187 2317 1206 2374 1.

83 2427 171 2478 etex
201 2419 316 2478 Lucilio
348 2415 394 2492 (V,
420 2413 473 2492 32)
503 2417 598 2476 affert.
621 2412 726 2493 fileae,
762 2439 820 2496 quo
852 2439 947 2478 novus
975 2419 1057 2476 color
1084 2420 1208 2498 proprio

84 2531 112 2581 et
128 2524 260 2600 genuino
276 2521 437 2594 inducitur,
462 2541 539 2600 saepe
555 2523 699 2580 translate
717 2521 753 2580 de
771 2523 876 2580 fraude
893 2521 1013 2592 dicitur,
1037 2525 1071 2579 ut
1091 2521 1209 2594 „fucum

83 2627 180 2684 facere
205 2621 310 2683 alicui“
336 2623 403 2682 Ter.
422 2624 498 2682 Eun.
520 2626 594 2696 589,
627 2624 681 2696 51,
716 2629 797 2696 ,sine
820 2625 887 2684 fuco
919 2629 949 2682 et
978 2617 1123 2682 fallaciis“
1150 2622 1209 2682 cic.

84 2729 119 2786 ad
139 2729 233 2786 Attio.
252 2728 274 2800 I,
301 2729 327 2786 1.
352 2755 394 2764 -
417 2722 621 2801 confidentiae
642 2721 820 2802 hospitium,
845 2729 881 2786 cf.
900 2726 989 2786 Most.
1011 2728 1085 2786 343:
1122 2746 1209 2800 „uus-

84 2852 173 2908 quam
199 2829 381 2888 stabulumst
404 2825 632 2888 confidentine“.
661 2859 703 2868 -
733 2832 877 2888 520-23
907 2834 971 2890 5155
1000 2829 1089 2888 dubio
1116 2830 1211 2907 spurii

83 2941 162 2992 sunt.
225 2933 397 3009 Coarguuut
430 2951 618 2990 numerorum
658 2934 741 2990 vitia.
803 2932 848 2992 Fl.
878 2939 908 2988 ct
937 2931 985 2988 Br.
1014 2951 1074 2989 uon
1107 2933 1210 3010 paucis

84 3037 209 3095 mutatis
251 3033 325 3108 (520
361 3033 479 3106 „Omnis
507 3033 635 3110 palamst
664 3031 741 3091 res“.
788 3035 846 3090 521
881 3037 1014 3110 „pestem
1043 3034 1086 3090 eri
1115 3034 1211 3091 uicem

84 3133 225 3197 inalarn“.
273 3137 332 3196 522
365 3139 435 3214 „qui
464 3137 541 3194 intro
570 3135 692 3194 aduenit
719 3129 843 3210 modo“)
874 3138 1023 3194 senarium
1051 3134 1210 3192 iambicum

84 3251 113 3298 et
137 3249 201 3300 tres
223 3239 391 3298 trochaicus
414 3241 599 3316 septenarios
628 3237 773 3308 efficiunt,
808 3237 861 3294 sed
883 3257 939 3294 nec
961 3237 1023 3295 ulla
1046 3257 1134 3294 causa
1157 3242 1210 3310 551,

84 3365 136 3402 cur
170 3343 316 3400 octonarii
349 3345 619 3419 interrumpuntur,
653 3360 707 3398 nec
729 3339 836 3398 Latius
867 3339 977 3398 dicitnr
1009 3339 1065 3414 „de
1093 3338 1148 3396 hae
1179 3359 1211 3396 re

83 3446 238 3522 negotium
261 3441 336 3502 est“.
365 3473 406 3483 —
437 3446 496 3503 524
527 3443 680 3518 legitimus
710 3445 880 3500 octonarius
907 3441 1051 3499 iambicus
1075 3447 1133 3514 est,
1166 3445 1213 3499 cui

84 3549 208 3606 additur
230 3549 374 3618 senarius,
398 3551 429 3604 in
452 3566 511 3622 quo
529 3541 693 3605 otaoltiaor
709 3545 843 3602 ultimam
860 3543 1007 3622 producit,
1031 3564 1059 3602 v.
1073 3543 1210 3620 Prolegg.

83 3673 113 3729 p.
137 3653 208 3708 195.
258 3648 354 3725 Magis
374 3647 528 3707 offendunt
550 3650 699 3726 proxima,
723 3667 751 3704 v.
773 3648 928 3720 526-27,
953 3647 1004 3724 qui
1026 3648 1213 3725 septenarius

83 3752 254 3811 trochaicus
288 3771 352 3808 cum
381 3752 498 3809 senario
527 3751 652 3809 iambico
678 3747 792 3824 (hiatur
822 3757 891 3808 ante
913 3741 1028 3824 hoereo)
1057 3748 1212 3819 videntur;

84 3874 181 3931 neque
200 3853 314 3927 dubito,
333 3855 405 3929 quin
422 3852 483 3910 haec
501 3872 637 3930 quoque,
649 3859 683 3910 ut
696 3853 853 3924 520-23,
865 3851 1074 3930 interpolatori
1087 3840 1213 3908 debean·

84 3965 143 4014 tur.
178 3949 296 4013 molum
313 3949 391 4030 qaid
407 3973 462 4030 pro
483 3954 572 4028 „meli
595 3951 726 4032 aliquid“
752 3956 897 4032 seriptum
920 3953 1052 4025 videtum
1075 3953 1213 4030 plerique

88 4055 235 4130 „malum“
256 4076 312 4134 pro
331 4057 546 4114 exclamatione
564 4057 742 4128 habuerunt,
767 4063 797 4114 et
815 4076 870 4134 pro
889 4071 950 4132 qua
970 4052 1096 4132 ‚,quam“
1120 4057 1212 4131 scrip·

85 4165 198 4220 serunt.
253 4155 403 4234 1511ῤὶ530
432 4159 545 4218 Cemer.
576 4178 641 4230 em,
677 4159 713 4216 cf.
738 4161 816 4230 214,
849 4160 892 4232 „si
920 4165 965 4217 est
999 4159 1095 4217 forme
1129 4157 1213 4216 verbi

85 4259 214 4320 Latiua“
239 4263 282 4320 ait
303 4261 439 4320 Lindum.
463 4261 657 4320 Recentiores
685 4261 773 4338 plura
803 4265 964 4333 mutarunt,
994 4261 1076 4318 velut
1098 4259 1212 4318 Ritsoh.

85 4364 204 4441 Proleg.
227 4363 358 4422 Trinum.
382 4383 411 4439 p.
436 4361 587 4422 CLXXIX
610 4368 752 4440 quattuor
774 4365 956 4438 septenarios
981 4366 1181 4421 constituens:
