2922 5006
248 497 310 560 238
789 491 880 546 Plauti

619 695 622 700 ·
675 681 954 748 Phaedromus

246 792 361 858 Perdis
384 812 435 858 me
458 790 524 856 tuis
548 789 657 856 dictis.

719 931 910 998 Curculio

711 1043 812 1107 Immo
836 1061 932 1106 seruo
956 1047 989 1106 et
1012 1047 1182 1106 seruatum
1204 1042 1287 1107 uolo.
1319 1059 1363 1112 att

245 1151 425 1236 Postquam
441 1149 520 1216 mihi
537 1155 772 1236 responsumst,
795 1149 877 1214 uteo
895 1149 937 1213 ab
955 1147 1013 1215 illo
1033 1155 1178 1215 maestus
1198 1149 1241 1215 ad
1258 1148 1363 1230 forum,

245 1260 298 1325 Me
321 1259 378 1324 illo
400 1258 526 1324 frustra
549 1259 731 1324 deuenisse,
776 1257 801 1321 F
804 1274 875 1322 orte
898 1257 1045 1342 adspicio
1068 1259 1222 1339 militem,

245 1367 430 1451 Arlgredior
451 1367 624 1443 hominem,
648 1367 757 1432 saluto
780 1365 976 1446 adueniens;
1002 1365 1131 1446 „salue“
1157 1368 1264 1448 inquit
1285 1367 1364 1454 milri,
1434 1347 1435 1390 ³

244 1475 380 1540 Prendit
402 1476 561 1554 dextram,
585 1475 720 1554 seducit,
743 1480 848 1557 rogat,
872 1474 952 1556 quid
974 1475 1106 1540 ueniam
1130 1473 1270 1540 Cariam.

245 1583 328 1648 Dico
351 1605 403 1650 me
425 1583 482 1650 illo
506 1584 637 1650 uenisse
659 1584 759 1648 animi
782 1603 890 1647 causa.
935 1581 986 1648 Ibi
1009 1602 1059 1647 me
1082 1583 1274 1666 interrogat,
1321 1601 1367 1652 340

245 1691 392 1777 Ecquem
414 1693 449 1758 in
471 1692 642 1778 Epidauro
665 1691 828 1776 Lyconem
850 1691 1045 1774 trapezitam
1067 1692 1227 1755 nouerim.

245 1799 328 1866 Dico
351 1823 402 1865 me
426 1803 569 1867 nouisse.
607 1799 722 1880 „Quid
744 1799 895 1864 lenonem
919 1799 1193 1883 Cappadocem?“
1237 1799 1346 1865 Adnue

246 1908 406 1974 L'isitasse
419 1945 462 1955 -
476 1908 554 1989 „sed
566 1908 645 1990 quid
658 1929 732 1974 eum
744 1907 794 1972 uis
804 1908 838 1972 ?“
877 1905 981 1986 „Quia
999 1907 1038 1972 de
1056 1929 1094 1972 eo
1108 1897 1170 1972 emi
1183 1909 1363 1992 uirginem.“
1435 1913 1436 1916 ’

245 2015 409 2102 [Triginta
432 2017 538 2098 minis,
567 2023 703 2096 uestem,
732 2037 860 2094 aurum,
894 2023 927 2080 et
949 2037 1008 2100 pro
1031 2013 1082 2080 luis
1106 2015 1219 2081 decem
1242 2037 1366 2082 coacce-

966 2123 1048 2189 dunt
1071 2123 1205 2207 minae]

248 2233 417 2314 „Dedistin
444 2241 482 2299 tu
511 2233 726 2317 argentum?“
763 2233 904 2314 inquam.
963 2232 1084 2312 „Immo
1114 2233 1204 2316 apud
1234 2233 1365 2318 trapezi-

962 2348 1032 2406 tam
1054 2343 1186 2406 situmst
1319 2355 1364 2412 345

243 2449 351 2529 Illum,
376 2471 473 2533 quem
496 2451 572 2528 dixi,
595 2449 767 2534 Lyconem,
790 2457 890 2532 atque
914 2451 944 2516 ei
967 2450 1133 2528 mandaui,
1159 2452 1215 2534 qui
1238 2451 1330 2517 anrrlc

245 2557 320 2622 lieo
343 2557 483 2624 tabellas
506 2558 699 2641 obsignatas
722 2557 905 2638 adtulisset,
929 2564 966 2624 ut
989 2558 1083 2623 daret

246 2665 397 2749 Operam,
420 2671 458 2732 ut
475 2665 643 2731 mulierem
663 2687 683 2730 a
698 2665 816 2731 lenone
830 2685 904 2731 cum
917 2688 998 2732 auro
1011 2675 1044 2732 et
1055 2675 1149 2732 ueste
1162 2667 1360 2733 abduceret.“

245 2773 426 2856 Postquam
456 2773 520 2841 hoc
550 2774 630 2840 mihi
653 2776 817 2855 narrauit,
854 2775 936 2840 abeo
965 2774 1096 2840 abillo.
1153 2775 1299 2840 Reuocat
1318 2794 1362 2839 me

964 2883 1048 2962 ilico,

244 2991 351 3056 l'ocat
374 2991 416 3056 ad
439 3011 570 3070 cenam,
593 2991 707 3074 religio
730 2989 805 3070 fuit,
830 2991 992 3074 denegare
1014 2991 1112 3056 nolui.
1318 3007 1361 3060 350

247 3098 361 3181 „Quia
385 3101 412 3165 si
430 3107 580 3165 actutum
597 3099 872 3164 decumbamus?“
897 3100 1014 3182 inquit.
1054 3099 1236 3165 Consilium
1252 3100 1358 3184 placet.

247 3207 380 3292 ,Neque
404 3209 492 3274 diem
515 3207 609 3274 decet
631 3210 753 3272 morari
776 3229 881 3290 neque
904 3208 992 3272 nocti
1015 3210 1179 3288 nocerier;

245 3316 357 3382 Omnis
379 3338 431 3382 res
454 3321 612 3400 paratust,
636 3323 670 3381 ct
691 3337 760 3396 nos,
784 3316 902 3401 quibus
926 3323 1121 3400 paratumst,
1146 3315 1324 3381 adsumus.“

242 3423 425 3508 Postquam
447 3425 552 3489 cenati
577 3429 677 3508 atque
701 3425 823 3508 adpeti,
847 3424 933 3488 talos
957 3425 1064 3508 poscit
1087 3423 1151 3488 sibi
1172 3423 1206 3487 in
1228 3441 1357 3498 manum,

243 3531 407 3597 Prouocat
429 3553 480 3598 me
503 3533 536 3597 in
560 3533 673 3613 aleam,
696 3541 734 3598 ut
758 3555 816 3617 ego
841 3533 962 3598 ludam.
1008 3531 1097 3597 Pono
1120 3531 1274 3616 pallium;
1314 3542 1357 3598 ont

243 3639 304 3705 llle
327 3661 421 3706 suurn
443 3640 578 3706 anulum
601 3643 776 3726 opposiuit‚
800 3644 934 3706 inuocat
956 3639 1154 3707 Planesium.

247 3833 475 3844 --—--.-—-..

312 3941 363 3994 337
382 3939 529 3994 aduenisse
604 3942 655 3996 339
673 3941 826 3996 Prehendit
917 3941 1116 4011 sareptano
1191 3941 1241 3995 345
1258 3932 1354 3993 Diduri

243 4025 464 4080 3461iconidem
578 4029 629 4080 347
646 4043 709 4081 meo
727 4027 897 4084 antecedenti
911 4029 1006 4084 unani
1023 4027 1145 4082 additur.
1245 4022 1352 4079 Tabulas

242 4113 294 4166 343
312 4127 426 4180 operam
445 4111 613 4168 antecedenti
629 4129 655 4166 a.
675 4111 796 4168 additur.
913 4115 964 4168 350
982 4111 1122 4180 denegare
1221 4113 1267 4167 351
1284 4103 1351 4177 Quod

242 4197 399 4252 siadeamus
418 4214 451 4252 ac
470 4197 669 4252 decumbamus
757 4199 808 4252 352
826 4198 910 4254 decet
927 4215 971 4252 me
989 4197 1097 4254 morari
1190 4199 1239 4252 353
1255 4195 1349 4264 paratas

243 4281 293 4335 356
312 4283 465 4336 animalum
483 4282 617 4352 opposuit
