2932 5010
590 551 622 606 v.
641 553 752 607 cn-m.
1168 560 1226 622 281

115 747 328 809 tumueram
350 755 416 822 ost,
441 748 477 808 cf.
496 747 560 808 Cat.
584 747 618 808 R.
637 748 672 808 R.
697 750 752 808 45:
780 767 835 822 „ne
852 748 921 826 plus
939 747 980 808 IV
998 749 1109 824 digitos
1131 755 1230 810 trans·

112 871 209 910 uorsos
238 849 419 912 emineaut“.
465 855 521 912 48:
557 852 666 927 „altam
697 852 823 926 digitum
854 851 1089 912 transuoraum“.
1135 853 1229 916 Cicer.

111 955 169 1013 htt.
191 956 280 1030 XIll,
311 956 365 1028 20,
395 959 429 1014 4:
467 957 516 1029 „in
544 957 623 1014 omni
651 957 714 1014 vita
742 974 797 1013 sua
824 973 971 1032 quamque
1001 975 1018 1014 a
1049 961 1129 1016 recta
1162 977 1229 1018 oon·

110 1061 229 1118 seientia
250 1065 454 1120 transversum
476 1078 606 1135 unguem
634 1079 694 1117 non
729 1063 850 1136 oportet
871 1053 1053 1118 discedere.“
1086 1060 1123 1120 ad
1145 1059 1227 1121 Fam.

109 1161 169 1235 vn,
188 1165 237 1236 25,
258 1165 292 1222 2:
325 1161 424 1237 „Urge
446 1164 549 1237 igitur,
572 1181 627 1220 nac
645 1166 845 1220 transversum
868 1180 1007 1237 unguem,
1031 1162 1113 1240 quod
1134 1166 1227 1238 aiunt,

109 1263 244 1325 astilo“.
290 1265 386 1324 Plaut.
409 1265 515 1325 Bacch.
539 1266 611 1324 420.
645 1265 736 1324 Most.
760 1266 822 1324 425
858 1261 998 1343 („pedem
1026 1263 1163 1341 lntnm“).
1186 1297 1229 1308 --

110 1369 154 1426 59.
186 1363 289 1428 hercle
316 1369 452 1446 quamvis
480 1368 569 1428 semel
597 1370 725 1445 positum
754 1369 908 1443 repetitur.
954 1367 1069 1428 Similia
1100 1371 1131 1428 iu
1158 1391 1227 1448 pro·

107 1471 273 1530 nominibus
295 1471 425 1531 vidimus
448 1472 486 1530 ad
503 1471 610 1548 Amph.
632 1473 764 1530 531-
786 1467 898 1531 dedam
920 1467 1112 1548 discipulam
1134 1471 1227 1547 aem,

106 1575 123 1633 i.
145 1594 169 1634 a.
193 1593 260 1652 quae
283 1577 314 1634 in
338 1595 424 1634 cruce
445 1575 645 1634 obedientiam
669 1575 774 1634 diseat.
809 1573 852 1633 ef.
875 1573 941 1634 Mil:
968 1573 1044 1636 184:
1072 1577 1227 1650 „crucibus

106 1677 325 1738 contubernalis
348 1673 446 1738 dari“.

187 1783 325 1842 eo-oe.
355 1781 425 1840 Hac
447 1781 570 1850 Euclio,
594 1785 754 1858 postquam
777 1779 923 1840 abscessit
946 1800 1037 1854 anus,
1060 1801 1160 1842 secum
1183 1784 1226 1843 lo-

105 1889 212 1959 quitur.
240 1915 277 1924 -
304 1887 353 1944 62.
376 1880 452 1944 miti
474 1905 540 1944 cum
564 1899 603 1944 ex
625 1885 884 1944 coalescit.-·-·.ii4.
907 1879 941 1944 in
963 1881 1115 1962 occipitio.
1139 1885 1163 1944 Β
1187 1887 1225 1946 ab

104 1987 185 2046 initio
202 1987 352 2048 habuerat
366 1985 560 2067 „inooeipio“.
572 2017 615 2029 ·-·-
628 1990 678 2047 65.
688 1979 789 2046 'asma
806 1987 935 2063 Pylades
952 1987 1078 2064 aliique:
1100 1985 1225 2063 ,situa“,

102 2089 150 2147 sed
179 2089 295 2150 hiatum
326 2111 437 2150 casura
464 2090 615 2164 defendit,
649 2091 844 2149 indicativum
866 2111 894 2152 v.
920 2093 958 2150 63
986 2088 1079 2163 „est“,
1104 2091 1164 2150 vid.
1188 2091 1226 2150 ad

102 2191 205 2272 Amph.
233 2197 283 2254 17.
1084 2243 1088 2252 .

184 2301 234 2357 67.
269 2296 415 2375 Staphyla
445 2317 541 2357 seeum
571 2297 608 2354 de
630 2296 811 2374 indignitate
834 2296 899 2355 heri
922 2301 952 2354 et
974 2296 1138 2356 infortunio
1162 2303 1223 2356 tam

101 2399 199 2459 herilis
215 2399 286 2460 filiae
305 2421 391 2478 quam
411 2421 463 2459 suo
481 2402 625 2478 queritur.
667 2395 815 2460 Noenum
832 2405 911 2458 recte
928 2400 1060 2459 servavit
1079 2401 1103 2458 Β
1125 2397 1224 2474 („Noe

100 2503 197 2576 uum“‚
221 2506 427 2582 suprascripto
453 2525 528 2581 „pro
550 2500 645 2576 non“;
668 2504 747 2562 idem
771 2504 883 2580 repetit
905 2503 947 2574 1);
970 2503 999 2560 I:
1027 2523 1098 2575 „nee
1122 2501 1223 2576 ndm“,

102 2611 183 2666 cett:
210 2627 283 2678 „nee
301 2605 427 2666 numeu“
449 2615 501 2665 aut
517 2628 588 2680 ,nco
600 2627 677 2666 nune
689 2603 767 2680 me“,
791 2608 988 2665 recentissimi
1009 2626 1085 2679 „non
1099 2604 1223 2680 suim“).

100 2709 229 2786 Antiqua
241 2730 300 2769 vox
313 2731 348 2769 ax
360 2731 397 2769 ue
414 2717 565 2783 etoennm,
588 2711 608 2769 i.
621 2732 646 2770 s.
660 2729 760 2783 unum,
784 2715 938 2768 eontracta
955 2708 1103 2784 significat
1123 2703 1221 2783 „non“

101 2811 157 2884 (vel
183 2815 323 2885 ,omnino
346 2809 456 2887 nou“),
491 2812 571 2890 quod
599 2818 730 2872 testatur
753 2817 783 2870 et
804 2813 989 2871 Glossarium
1012 2811 1183 2872 Plautinum
1207 2833 1225 2872 a

99 2913 407 2976 Ritsohelioa.184b
432 2917 543 2976 aditum
568 2921 598 2974 et
619 2915 734 2975 Nonius
757 2935 785 2992 p.
813 2917 871 2976 143
896 2922 981 2986 extr,
1005 2919 1057 2990 qui
1080 2915 1165 2973 affert
1188 2936 1224 2974 ex

100 3019 212 3078 Lucilio
237 3019 345 3094 (XXX,
370 3017 436 3090 23):
473 3019 564 3097 „quid
589 3017 659 3094 [rei]
683 3025 742 3090 est,
767 3020 791 3076 si
814 3037 941 3076 noenum
965 3018 1120 3077 molestum
1145 3017 1221 3091 est“,

100 3123 294 3182 exVarrona:
321 3125 364 3198 „si
386 3123 475 3183 hodie
497 3142 624 3183 noenum
645 3123 738 3194 venis,
762 3140 828 3178 oras
847 3119 997 3197 quidem“.
1031 3119 1126 3178 Extat
1143 3121 1222 3196 apud

99 3223 215 3285 Lucret.
240 3227 295 3299 lv,
319 3229 380 3285 712
404 3231 435 3284 et
458 3227 517 3298 ΙΙΙ,
550 3223 625 3296 199,
660 3225 698 3282 ad
726 3241 814 3300 quam
843 3223 940 3282 locum
963 3222 1170 3282 Lachmannus
1193 3229 1223 3282 ct

100 3326 204 3386 Lucilii
228 3349 347 3388 versum
372 3329 510 3388 emendat
532 3335 562 3388 et
579 3327 668 3386 Ennii
692 3347 740 3404 ap.
753 3326 813 3385 Cio.
826 3325 889 3385 Cat.
904 3329 970 3384 mai.
991 3326 1019 3398 4,
1047 3327 1100 3384 10:
1127 3325 1220 3400 „Noe-

98 3450 164 3488 num
188 3427 291 3508 (codd.
304 3433 369 3492 Non
392 3431 483 3505 enim)
501 3453 635 3492 rumores
652 3431 785 3508 ponebat
801 3435 870 3489 ante
888 3425 1045 3488 salutem“.
1080 3427 1220 3504 Wagner.

98 3533 180 3594 addit
206 3535 284 3596 Eun.
313 3537 419 3596 Annal.
453 3537 527 3594 161:
565 3535 703 3609 „Somnia
731 3553 802 3594 vera
832 3534 962 3612 aliquot,
992 3555 1094 3594 verum
1124 3536 1222 3596 omnia

97 3631 203 3696 noauu'
216 3637 315 3712 (codd.
326 3659 384 3700 non
397 3634 489 3715 nune)
501 3657 620 3698 neeesse
632 3636 706 3698 est“.
715 3639 774 3696 411
787 3661 793 3695 :
817 3637 972 3710 „Noenum
986 3632 1085 3716 (codd.
1098 3639 1164 3698 Non
1177 3634 1221 3712 in)

98 3742 247 3816 sperando
276 3742 383 3821 cupide
408 3763 471 3800 rem
494 3742 620 3818 prodere
643 3737 817 3800 summam“.
863 3741 953 3820 Apud
975 3741 1113 3801 Plautum
1136 3743 1220 3802 resti·

97 3843 238 3904 tuendum
269 3853 315 3904 est
337 3847 402 3904 Mil.
428 3847 505 3904 648:
554 3843 647 3920 „Post
667 3843 779 3921 Ephesi
808 3865 871 3904 sum
900 3849 1003 3917 natus,
1038 3865 1167 3904 noenum
1189 3849 1220 3904 iu

97 3945 215 4023 Apulis,
251 3969 379 4007 noenum
402 3945 582 4022 Animulae“,
617 3950 648 4008 et
675 3949 802 4008 fortasse
832 3947 912 4006 alibi.
939 3977 975 3987 -
1002 3963 1056 4022 epo
1083 3949 1220 4006 ultimam

97 4049 245 4124 producit,
268 4072 296 4110 v.
313 4053 430 4126 Prolsg.
454 4073 484 4130 p.
505 4055 580 4123 1953
616 4051 742 4110 Bothius
763 4051 874 4128 aliique
897 4057 1109 4128 transponunt:
1148 4069 1220 4128 „ego

98 4151 176 4212 ero“.
195 4184 237 4194 -
262 4155 310 4213 69.
335 4155 408 4214 Post
431 4150 614 4214 valentiniaci
635 4155 735 4213 hiatus
754 4155 784 4212 in
802 4173 929 4226 coesura3
952 4153 1044 4211 Koch.
1063 4155 1093 4210 in
1111 4153 1218 4212 huual.

97 4254 167 4330 phil.
186 4257 274 4330 CVll,
298 4277 326 4334 p.
346 4260 407 4316 840
430 4265 541 4316 temere
562 4255 811 4332 „comminiscere“
837 4258 972 4316 coniecit.
1018 4254 1090 4314 Mox
1114 4255 1138 4313 B
1160 4276 1219 4314 non

97 4361 191 4417 minus
214 4379 302 4436 quam
327 4363 418 4419 aeteri
442 4361 543 4420 codd:
576 4363 638 4434 „ita
660 4381 706 4419 ms
729 4356 902 4432 miseram“;
926 4358 1050 4417 deinde:
1083 4355 1216 4432 „adhuo“

98 4477 241 4536 suprascr.
275 4459 343 4535 „n“.
368 4493 408 4502 *-
433 4466 481 4522 71.
516 4459 730 4539 intemperiae,
768 4462 862 4520 turba
897 4469 927 4520 et
961 4465 1046 4539 quasi
1079 4461 1217 4538 procella
