2932 5010
269 505 330 564 308
754 499 907 552 Aulularia.

266 699 400 753 actutum
417 689 506 769 tibi“,
530 693 582 751 sed
599 713 653 752 nec
674 689 846 768 ‚,actul-um“
866 698 978 771 aptum,
1002 713 1056 752 nec
1078 695 1110 752 in
1128 695 1193 753 solo
1212 694 1271 752 fine
1288 713 1386 752 versus

266 796 378 874 aliquid
391 795 586 869 desideratur,
610 795 662 854 eed
686 796 777 855 etiam
799 797 831 855 in
853 797 1012 875 principio,
1035 817 1104 856 nam
1127 799 1212 856 nulla
1230 818 1320 857 causa
1336 803 1386 870 est,

264 921 318 960 cur
344 899 521 977 imperfecta
541 900 729 976 relinquatur
750 898 875 958 Strobili
904 899 1015 972 oratio;
1050 919 1143 978 quare
1172 921 1229 962 nos
1264 907 1387 978 utroque

264 1005 330 1062 loco
359 1003 453 1061 verba
489 1001 666 1061 addidimus.
722 1000 849 1060 Acidalii
879 1008 910 1059 et
938 1001 1038 1062 Bothii
1066 1006 1235 1078 conamina,
1272 1005 1298 1062 ei
1325 1007 1387 1082 quia

264 1106 355 1178 velit,
385 1105 464 1184 apud
495 1109 577 1184 Ipsos
605 1105 695 1180 legat.
718 1135 762 1145 -
782 1097 885 1178 Licet,
914 1123 942 1162 r.
966 1105 1005 1164 ad
1026 1105 1133 1185 Amph.
1159 1109 1230 1166 540.
1253 1136 1299 1147 -·-
1321 1109 1387 1165 321.

264 1204 316 1268 abi
339 1206 424 1268 intro
446 1228 483 1266 na
501 1227 566 1268 cum
585 1209 670 1266 hiatu
686 1207 815 1282 legatur,
839 1207 1026 1267 Camerarius
1047 1211 1146 1283 „intro
1164 1207 1244 1270 abi“.
1264 1240 1308 1249 -
1327 1223 1386 1280 ves,

264 1331 367 1371 servos
391 1310 543 1370 adiutores
571 1311 743 1388 alloquitur.
766 1339 809 1352 --
839 1311 910 1372 322.
932 1309 976 1370 ue
997 1306 1064 1385 Aac,
1089 1311 1261 1372 emendavit
1283 1311 1386 1371 Luchs.

168 1485 173 1495 Ι
263 1416 295 1474 in
307 1415 407 1474 Herm.
430 1413 515 1487 VIII,
549 1416 617 1472 lll.
661 1413 735 1473 Abit
762 1413 899 1472 Anthrax
928 1435 994 1474 cum
1022 1418 1099 1488 suis;
1131 1413 1262 1492 Congrio
1292 1419 1388 1474 manet

265 1537 330 1576 oum
352 1516 486 1577 Strobilo
509 1517 545 1576 de
568 1523 647 1575 sorte
670 1536 724 1575 sua
746 1517 1000 1594 expostulaturus.

351 1623 421 1679 324.
454 1615 605 1696 piapuior
627 1613 766 1679 tibicina.
806 1618 1013 1696 Philargprius
1041 1619 1079 1677 ad
1101 1619 1190 1694 Verg.
1215 1618 1322 1697 Georg.
1350 1621 1385 1691 II,

267 1725 325 1782 193
349 1723 411 1782 haec
433 1721 559 1782 laudans
582 1721 713 1800 explicat
737 1741 822 1800 „quae
844 1727 969 1801 propter
990 1722 1109 1782 assidua
1134 1721 1281 1783 sacrificia
1304 1725 1385 1801 ping-

263 1825 395 1898 uescit“;
429 1825 533 1904 quales
555 1842 648 1900 nugas
676 1824 780 1884 nolens
808 1831 922 1902 repeto.
946 1855 989 1866 -
1011 1827 1083 1886 327.
1117 1820 1252 1885 detrusti
1274 1825 1384 1884 Acidal.

264 1949 319 1988 em.
347 1957 385 1970 --
412 1930 482 1987 328.
506 1928 616 1987 Versus
638 1929 707 1986 olim
730 1927 900 1988 emendatus
923 1949 959 1986 ex
981 1928 1081 1988 Nonio
1102 1949 1133 2007 p.
1161 1931 1236 1987 164:
1269 1923 1386 2003 „Rcuis

263 2037 311 2092 est
332 2033 473 2090 raucitas.
518 2031 644 2090 Plautus
665 2031 824 2090 Aulularia
847 2027 888 2105 (h.
902 2025 946 2108 1.).
990 2031 1072 2090 Idem
1094 2031 1266 2090 Cistellaria
1285 2029 1383 2104 (254):

262 2134 443 2213 Expurgabo
476 2134 576 2192 hercle
609 2135 710 2193 omnia
742 2133 781 2192 ad
812 2153 933 2194 raucam
964 2131 1090 2194 rauim.“
1143 2133 1275 2193 Verbum
1308 2140 1383 2192 exist

262 2238 353 2297 Poen.
377 2239 454 2298 781:
498 2236 615 2314 „Nego,
643 2242 675 2296 et
696 2236 849 2312 negando,
878 2237 999 2315 siquid
1021 2239 1128 2311 refert,
1158 2235 1276 2298 rauio“.
1321 2236 1382 2294 Vid.

262 2340 457 2400 Studemund.
480 2342 512 2399 iu
534 2339 634 2400 Herm.
658 2340 681 2415 1,
704 2359 733 2418 p.
760 2337 831 2399 298.
882 2339 1008 2400 Versum
1032 2342 1140 2399 iterum
1164 2339 1252 2399 affert
1275 2341 1383 2399 Nonius

261 2465 291 2522 p.
316 2444 394 2517 3743
417 2445 505 2522 plura
526 2443 633 2502 Festus
655 2441 794 2516 dederat,
818 2442 869 2502 sed
892 2442 974 2502 locus
998 2439 1041 2521 (p.
1055 2445 1116 2503 274
1140 2439 1170 2516 a)
1194 2445 1287 2504 nimiis
1309 2444 1383 2502 lacn·

262 2567 352 2606 nosns
369 2555 424 2607 est.
439 2576 476 2586 -
496 2548 567 2606 329.
593 2540 716 2607 Stultus
733 2561 775 2619 ee,
799 2545 851 2623 qui
872 2564 933 2604 non
954 2546 1114 2624 intelligas,
1138 2552 1288 2624 quantum
1310 2566 1383 2605 com·

262 2649 342 2709 modi
372 2652 403 2707 in
430 2650 486 2708 huo
515 2669 547 2708 re
576 2651 658 2709 insit.
714 2648 763 2709 Sic
785 2651 904 2728 scripsi,
934 2669 1002 2708 nam
1033 2649 1114 2726 quod
1142 2650 1230 2710 codd.
1254 2649 1383 2727 prebent

264 2751 399 2826 „Stultus
426 2757 458 2812 et
480 2757 543 2813 sIne
565 2753 662 2831 gratia
684 2749 733 2812 es“
759 2757 1015 2832 corruptumst,
1044 2756 1174 2830 primum
1203 2755 1277 2830 qnia
1303 2753 1383 2811 homo

261 2852 332 2916 sine
352 2851 457 2933 qratia
478 2859 503 2915 si
526 2855 585 2914 dici
606 2861 720 2935 potest,
749 2861 795 2914 est
821 2857 909 2916 homo
938 2859 985 2915 oui
1009 2856 1092 2916 nulla
1114 2857 1213 2932 gratia
1232 2856 1381 2926 tribuitur,

242 2973 321 3018 'non
344 2961 395 3038 qui
417 2959 529 3017 nullam
552 2959 680 3032 gratiam
701 2958 806 3033 habet,
836 2959 945 3018 deinde
972 2960 1044 3036 quia
1071 2962 1228 3038 sequentia
1258 2959 1381 3032 intelligi

203 3081 205 3085 ·
259 3083 320 3122 non
348 3067 484 3140 possunt.
541 3061 618 3120 Nam
644 3059 711 3120 lieri
737 3082 796 3120 non
824 3067 924 3140 potest
951 3067 987 3122 ut
1015 3057 1087 3122 Iibi
1114 3062 1195 3122 reete
1217 3057 1323 3138 fucere
1346 3063 1382 3119 sit

263 3165 350 3240 „Tibi
372 3172 454 3226 recte
476 3162 591 3224 facio?“
615 3169 651 3224 ut
673 3163 739 3224 vult
760 3165 968 3224 Lachmannue
990 3165 1029 3226 ad
1051 3165 1170 3226 Lucret.
1193 3186 1225 3243 p.
1251 3169 1309 3239 74,
1336 3171 1382 3223 sut

263 3269 349 3342 „Tibi
371 3273 453 3328 recte
475 3271 572 3328 Iacere
602 3287 780 3347 quemquam
809 3264 948 3346 oportet?
976 3274 1029 3328 aut
1057 3269 1216 3348 quisquam
1244 3263 1379 3346 potest?“

259 3371 351 3430 Recte
372 3374 432 3431 iam
453 3371 568 3432 librarii
591 3372 712 3451 quidam
736 3371 917 3432 deteriorum
941 3373 1076 3432 codicum
1103 3371 1263 3446 viderunt,
1294 3369 1381 3430 infini-

258 3477 353 3533 tisiim
388 3475 424 3533 ab
460 3473 705 3534 antecedentibus
739 3475 889 3553 pendere,
929 3474 1178 3553 scribendumque
1211 3495 1280 3534 esse
1313 3469 1381 3535 biae

258 3573 366 3654 pratia
388 3577 436 3636 eet
456 3578 476 3636 i.
495 3597 521 3638 e.
544 3580 693 3655 ingratum
717 3583 762 3638 eet
785 3574 885 3654 (etad
899 3578 1007 3656 Amph.
1021 3573 1076 3652 48)
1098 3577 1157 3637 tibi
1179 3577 1257 3636 bene
1281 3579 1379 3646 Iacere,

260 3681 399 3756 quonlam
421 3680 566 3740 beneficia
588 3700 647 3740 non
669 3683 813 3758 agnoscis.
858 3681 944 3753 Quod
966 3680 1056 3740 iidem
1079 3680 1196 3740 librarii
1222 3675 1377 3756 „stultun“

258 3783 457 3860 scripserunt,
487 3785 586 3842 versui
612 3789 778 3862 repugnat;
812 3784 899 3844 nobis
930 3783 1117 3862 probabilius
1144 3783 1268 3844 videtur
1296 3800 1328 3844 es
1351 3783 1378 3840 in

262 3881 326 3958 „st“
353 3891 527 3964 corruptum
549 3905 622 3946 esse.
666 3886 749 3946 recte
769 3880 873 3962 facere
894 3893 993 3946 sutem
1016 3887 1045 3946 h.
1059 3887 1088 3946 ·l.
1112 3891 1158 3946 est
1178 3886 1255 3946 bene
1278 3889 1375 3956 facere,

157 4037 158 4040 ,
258 3993 293 4046 ut
320 3987 392 4047 alibi
420 3987 531 4048 dicitur
562 3994 658 4063 „recte
686 3986 762 4048 est“.
814 3990 873 4049 Pro
902 3985 972 4050 Tibi
999 3989 1079 4068 quod
1106 3989 1258 4050 editorum
1282 4007 1377 4066 magua

257 4111 327 4170 pars
352 4088 434 4167 „Ibi“
466 4091 711 4165 substituerunt„
728 4096 841 4152 temere
868 4099 1002 4168 egerunt.
1026 4123 1068 4134 -
1093 4089 1183 4170 perit.
1219 4092 1374 4152 Francken.

258 4195 295 4254 cf.
310 4194 407 4254 Catul.
426 4195 476 4268 76,
500 4198 535 4254 9;
573 4194 697 4269 „Omnia
719 4215 785 4273 quae
806 4197 930 4274 ingrate
952 4198 1105 4274 perierunt
1127 4196 1242 4256 credite
1263 4192 1374 4256 manu&

257 4327 300 4336 -
324 4301 394 4358 331.
418 4294 452 4357 in
475 4317 577 4356 errore
594 4319 629 4355 ex
648 4299 834 4359 antecedenti
853 4317 884 4360 m
902 4307 1001 4360 ortum
1020 4320 1092 4376 esse,
1117 4301 1188 4361 olim
1201 4301 1373 4360 intellectum
