2928 5010
75 521 126 590 1V,
135 525 161 590 9,
170 524 278 578 68-'16
563 523 725 579 Bacchides.

536 713 566 780 N
573 714 762 780 icobulus

234 821 294 903 Eu,
316 821 445 888 litteras
468 823 622 888 minutas.

535 929 758 1016 Chrysalus

668 1037 731 1118 Qui
753 1039 886 1124 quidem
908 1038 1020 1106 uideat
1041 1062 1167 1126 perum,

73 1145 200 1212 Uerum
224 1147 282 1231 qui
304 1148 384 1213 satis
407 1149 530 1228 uideat,
553 1147 696 1230 grandes
720 1149 802 1214 satis
825 1157 911 1213 sunt.

534 1255 758 1322 Nicobulus

734 1366 889 1431 Animum
911 1365 1077 1432 uduortito
1100 1367 1210 1450 igitur.

536 1471 760 1556 Chrysalus

78 1579 175 1662 Nolo,
198 1581 344 1664 inquam.

532 1689 763 1756 Nicobulus

236 1796 281 1860 At
302 1797 387 1878 uolo,
409 1799 555 1882 iuquam.

535 1905 759 1991 Chrysalus

438 2011 524 2090 Quid
548 2016 668 2100 opust?

536 2121 766 2188 Nicobulus

545 2233 588 2294 At
611 2232 707 2310 enim,
732 2231 821 2315 quod
844 2241 877 2297 te
900 2231 1007 2312 iube0,
1029 2230 1144 2298 facias.
1163 2249 1215 2303 990

539 2354 762 2440 Chrysalus

81 2463 250 2544 Iustumst,
273 2470 352 2528 tuus
375 2463 437 2529 tibi
459 2484 572 2530 seruos
596 2472 653 2530 tuo
678 2465 844 2531 arbitratu
867 2467 1001 2532 seruiat.

537 2595 765 2662 Nicobulus

81 2701 153 2769 Hoc
175 2723 237 2786 age
261 2703 307 2769 sis
330 2707 418 2767 nun'e
439 2704 516 2768 iam.

534 2833 761 2919 Chrysalus

380 2941 444 3008 Ubi
465 2942 567 3024 lubet,
591 2944 710 3024 recita3
734 2944 862 3008 aurium
887 2965 1021 3026 operam
1043 2942 1106 3008 tibi
1129 2941 1229 3028 dico..¹

534 3073 564 3137 N
570 3074 582 3138 i
589 3095 607 3138 e
615 3095 633 3139 ο
640 3073 662 3139 b
669 3097 690 3139 u
697 3075 708 3138 l
716 3097 760 3139 us

84 3179 186 3246 Cerae
210 3181 360 3264 equidem
381 3181 470 3247 haud
492 3183 597 3267 parsit
619 3203 725 3265 neque
749 3183 841 3263 sti103
877 3181 935 3247 sed
964 3179 1125 3264 quidquid
1153 3166 1215 3260 esa*

804 3289 972 3374 perlegere
995 3295 1163 3354 certumst.

88 3396 213 3478 „Pater
238 3397 397 3465 ducentos
419 3397 599 3483 Philippos,
623 3398 756 3481 quaesoj
779 3397 938 3482 Chrysalo

86 3503 144 3585 Da,
166 3506 195 3572 si
217 3527 289 3572 esse
312 3505 440 3571 saluom
462 3507 515 3571 uie
538 3528 590 3572 me
613 3515 671 3572 aul
693 3506 829 3572 uitelem
850 3505 942 3572 libis
1164 3522 1216 3576 995

87 3611 207 3680 Malum
230 3613 363 3699 quidem
385 3613 496 3680 hercle
519 3636 682 3698 magnum.

539 3743 760 3831 Chrysalus

722 3853 797 3919 Tibi
820 3853 904 3920 dieo.

538 3960 765 4046 Nieobulus

512 4059 515 4068 ’
941 4067 1027 4149 Quid
1050 4068 1122 4133 est?

152 4322 203 4376 988
219 4321 301 4392 Euge
318 4320 346 4376 B
422 4324 472 4378 992
490 4324 545 4378 iam
563 4323 681 4379 nuueC
753 4325 804 4378 993
823 4323 936 4392 quidem
1006 4323 1057 4376 996
1076 4337 1212 4390 magnum

89 4405 140 4460 tibi
157 4405 227 4463 dieo.
248 4406 316 4463 GRI.
337 4407 409 4477 Quid
427 4408 492 4463 est?
511 4406 539 4462 Β
