2922 5006
797 473 890 530 Plauti
1211 471 1397 540 nram-ta

686 663 1006 747 Aristophontes

1229 769 1312 850 Quid
1332 772 1394 837 est?

285 883 331 947 Ut
354 882 524 960 scelestus,
546 880 658 964 Hegio,
683 902 768 946 nuno
790 881 852 946 iste
877 887 905 946 te
926 881 1020 946 ludos
1042 877 1137 946 fooit!

285 990 371 1056 Nam
392 990 421 1056 is
445 995 496 1056 est
517 1010 629 1055 seruos
651 991 736 1074 ipse,
765 1009 871 1072 neque
900 997 1031 1072 praeter
1054 1009 1088 1054 se
1112 1009 1266 1072 umquam
1289 989 1318 1053 ei
1337 1009 1392 1054 ser·

998 1116 1059 1162 uos
1080 1094 1153 1160 fuit.
1351 1111 1396 1166 ott

527 1307 531 1312 Ι
741 1227 952 1311 Tyndarus

287 1335 370 1412 Quia
392 1342 462 1401 tute
484 1337 554 1419 ipse
577 1357 653 1419 eges
675 1336 710 1400 in
731 1337 841 1420 patria
863 1356 922 1402 neo
944 1335 1015 1414 tibi,
1038 1337 1093 1416 qui
1115 1337 1220 1414 uiues,
1244 1335 1365 1414 domist,

287 1443 398 1509 Omnis
420 1445 559 1508 inueniri
581 1443 694 1508 similis
716 1443 779 1509 tibi
801 1445 860 1508 uis.
905 1442 978 1508 Non
1000 1443 1117 1508 mirum
1139 1440 1237 1524 facis,

285 1552 347 1617 Est
369 1552 569 1634 miserorum,
592 1559 630 1616 ut
652 1551 887 1618 moleuolentes
911 1552 975 1616 sint
999 1558 1098 1634 atque
1116 1551 1285 1616 inuideant
1301 1551 1395 1616 bonis.

685 1693 1008 1776 Aristophontes

284 1801 399 1884 Hegio,
422 1801 498 1866 uide
521 1803 630 1867 sisne
653 1801 732 1888 quid
754 1807 790 1866 tu
813 1799 888 1866 huie
910 1807 1031 1866 temere
1055 1801 1189 1866 insistas
1213 1801 1358 1880 eredere;

284 1910 392 1993 Atque
415 1916 453 1974 ut
475 1911 646 1994 perspicio,
669 1908 817 1994 proseoto
840 1911 906 1972 iam
929 1907 1052 1991 aliquid
1072 1925 1200 1992 pugnae
1225 1907 1335 1972 edidit.
1352 1925 1400 1976 tto

284 2017 404 2084 Filium
420 2024 512 2084 tuum
530 2017 617 2102 quod
633 2017 794 2083 redimere
810 2038 845 2083 se
862 2017 916 2098 ait,
938 2015 972 2082 id
988 2017 1180 2098 neutiquam
1197 2015 1276 2080 mihi
1288 2017 1393 2099 placet.

742 2159 768 2224 T
801 2158 951 2224 ndurus

285 2267 359 2334 Soio
382 2273 416 2334 te
438 2267 473 2332 id
490 2267 576 2334 nolle
593 2267 679 2349 fieri;
703 2181 847 2332 eofioyiam
870 2273 981 2332 tamen
999 2285 1057 2348 ego
1075 2264 1118 2344 id,
1142 2266 1169 2330 si
1188 2239 1221 2328 di
1239 2265 1393 2330 adiuuant.

285 2375 381 2442 Illum
403 2378 578 2442 restituam
599 2376 684 2455 huie,
707 2374 760 2440 hic
783 2381 893 2440 autem
915 2375 948 2440 in
971 2372 1098 2437 Alidem
1120 2368 1169 2436 me
1193 2393 1265 2438 meo
1287 2372 1375 2456 patri.

284 2482 463 2568 Propterea
485 2484 528 2550 ad
550 2490 678 2568 patrem
699 2481 775 2547 hino
798 2483 891 2546 amisi
913 2479 1110 2566 Tyndarum.

692 2623 1010 2708 Aristophontes

1113 2729 1198 2809 Quin
1220 2734 1291 2796 tute
1312 2729 1338 2794 is
1358 2747 1394 2804 es,

286 2839 400 2924 Neque
423 2846 554 2924 praeter
576 2845 610 2906 te
632 2841 665 2905 in
687 2839 781 2904 Alide
804 2837 891 2904 ullus
914 2858 1026 2903 seruos
1049 2838 1134 2903 istoo
1156 2837 1325 2902 nominest.
1353 2849 1396 2903 585

743 2981 768 3046 T
800 2979 952 3044 ndarus

285 3089 404 3172 Pergin
421 3110 550 3156 seruorn
568 3110 620 3154 me
639 3003 835 3173 exprohrhre
848 3107 927 3167 esse,
950 3087 984 3152 id
1003 3085 1090 3170 quod
1102 3085 1136 3151 ui
1147 3085 1258 3152 hostili
1271 3083 1398 3170 optigit?

686 3229 1007 3314 Aristophontes

284 3340 380 3432 Enim
401 3339 468 3404 iam
489 3360 614 3424 nequeo
639 3339 807 3406 contineri.

743 3465 953 3552 Tyndarus

728 3575 827 3656 Heus,
851 3573 960 3656 audin,
984 3575 1063 3658 quid
1086 3575 1154 3640 ait?
1189 3573 1274 3652 Quin
1295 3568 1390 3657 iugis?

284 3683 355 3748 Iam
376 3683 444 3749 illio
465 3683 518 3749 hio
540 3705 599 3750 nos
622 3683 798 3751 insectabit
819 3682 995 3768 lapidibus,
1019 3683 1082 3748 nisi
1104 3681 1205 3748 illuno
1227 3681 1317 3748 iubes

286 3789 521 3875 Conprehendi.

688 3899 1008 3984 Aristophontes

573 4005 717 4074 Gruoior.

289 4181 515 4190 ...ιω-...-

352 4263 402 4315 574
419 4265 447 4316 te
466 4277 515 4316 om.
594 4262 644 4314 575
662 4260 688 4313 ei
706 4277 755 4316 orn.
834 4263 886 4316 577
904 4261 1030 4316 inuenire
1104 4262 1156 4316 578
1174 4259 1287 4314 indeant
1347 4251 1392 4306 587

282 4345 433 4401 Enimuero
452 4346 508 4399 iam
