2932 5010
567 553 599 606 V.
617 557 744 607 'ta-loo
1075 500 1076 509 ¹
1155 557 1217 618 283

101 759 166 817 deos
188 759 313 816 divitem
336 747 486 811 lecturos?
538 745 661 810 Mittam
683 745 770 826 quin,
799 747 859 808 vid.
884 747 992 825 Amph.
1023 749 1094 807 743.
1145 747 1218 806 Mox

99 878 176 924 rame
204 879 291 922 versu
319 857 442 916 iubente
470 855 540 913 olim
569 853 719 913 sublatum
746 856 807 924 εει,
841 855 940 910 ortum
967 849 1086 910 videtur
1113 869 1149 908 ex
1170 865 1220 908 ma

99 985 185 1046 prave
212 965 302 1022 lecto.
325 991 366 1002 ·-
397 962 447 1018 86.
483 951 665 1034 Philippwn
693 955 746 1015 aul
773 949 921 1016 Darium.
977 953 1074 1028 Reges
1107 953 1219 1011 ditissi-

99 1090 157 1128 mos
178 1071 330 1138 nominat,
360 1083 421 1122 non
442 1068 502 1120 tarn
525 1065 623 1119 certos
645 1059 793 1131 homines,
827 1077 882 1115 neo
905 1056 942 1114 da
964 1057 1035 1116 solis
1057 1055 1220 1115 Alexandri

99 1173 193 1247 magni
227 1175 258 1228 et
290 1167 399 1228 Xerxis
437 1162 574 1242 patribus
608 1161 812 1238 cogitandum,
854 1179 942 1236 quam
983 1179 1047 1232 eos,
1093 1177 1220 1236 quorum

100 1277 212 1334 nomine
246 1272 357 1348 signati
390 1269 473 1327 aurai
505 1268 617 1324 nummi
651 1264 753 1322 orbem
782 1261 971 1335 obtinebant,
1005 1263 1089 1340 prius
1117 1261 1219 1334 (larici,

99 1384 198 1456 postea
226 1375 369 1455 philippi.
414 1370 457 1429 Cf.
480 1369 548 1428 inlr.
575 1369 650 1426 596:
689 1367 770 1444 ,Ego
793 1385 858 1424 eum
880 1365 932 1423 ille
953 1385 1008 1422 rex
1029 1361 1219 1442 Philippus“.

99 1511 138 1522 -
154 1473 336 1554 triuenefica
353 1475 462 1534 dieitur
476 1479 512 1530 ut
533 1466 733 1548 „trifurcifer“
758 1469 836 1528 infra
854 1471 924 1526 318.
959 1465 1035 1526 Rud.
1055 1469 1126 1526 734.
1148 1467 1220 1525 735.

103 1578 285 1661 ,tripareus“
310 1579 392 1638 Pers.
418 1579 494 1648 2653
517 1576 548 1632 in
570 1572 675 1632 Bacch.
701 1575 761 1631 808
783 1568 998 1645 „teruenelioe“
1024 1575 1081 1628 est.
1104 1599 1147 1610 —-
1170 1570 1219 1628 88.

100 1683 180 1765 quod
206 1681 240 1744 (li
263 1679 342 1743 dani
361 1675 440 1756 fero.
491 1676 593 1736 Lamb.
618 1675 746 1734 contulit
767 1673 836 1732 Hes.
863 1673 919 1752 Op.
945 1677 1024 1732 715:
1060 1673 1139 1742 Μηδὲ
1160 1671 1220 1728 ποτ’

100 1791 240 1867 epilepsim
266 1789 360 1856 πενίην
381 1783 571 1859 θυμοφθόρον
593 1779 672 1856 ἀνδρὶ
696 1777 812 1834 Τέτλαθ’
837 1777 971 1844 ὀνειδίζειν
991 1776 1122 1852 μακάρων
1144 1775 1222 1832 δόσιν

100 1894 153 1951 αἰὲν
174 1895 279 1950 ἐόντων.
709 1889 712 1896 ’

182 1998 232 2054 89.
256 1994 315 2052 Pro
338 1987 388 2051 hie
409 1992 440 2048 in
463 1989 487 2047 B
509 1987 593 2064 prius
619 1979 710 2059 „hoc“
735 1983 889 2060 scriptum.
914 1981 950 2040 ef.
973 2000 1002 2039 v.
1030 1983 1098 2040 104.
1122 1979 1160 2038 al.
1178 2009 1222 2020 --

101 2102 148 2159 91.
174 2094 279 2176 Quod,
312 2095 371 2156 sid.
396 2093 434 2153 ad
456 2093 540 2149 Asin.
565 2091 636 2148 750.
659 2116 701 2128 ·-
726 2087 775 2144 93.
810 2081 894 2162 tynis
922 2079 1022 2157 uiuet,
1057 2083 1092 2142 ef.
1116 2081 1221 2158 Eurip.

100 2205 201 2264 Baooh.
227 2206 263 2262 8:
288 2199 422 2275 ἓτιπορὸς
445 2198 532 2263 ζῶσαν
554 2193 652 2268 φλόγα.
695 2187 850 2264 Aristoph.
874 2186 943 2262 Lys.
969 2187 1045 2246 306:
1090 2187 1171 2243 Τοσιὶ
1192 2188 1224 2242 τὸ

101 2311 152 2384 πῦρ
175 2309 323 2386 ἐγρήγορεν
344 2304 420 2360 θεῶν
443 2300 514 2356 ἕκατι
536 2297 582 2354 καὶ
605 2297 643 2370 ζῇ.
667 2323 709 2332 ·-
731 2286 907 2367 8616777116δο
930 2291 1002 2349 olim
1025 2287 1222 2362 emendatum,

101 2412 256 2485 v.Proleg.
277 2430 307 2486 p.
327 2407 397 2476 210,
422 2405 458 2464 of.
476 2397 670 2462 Studemund.
691 2395 728 2454 N.
746 2393 849 2453 Jahrb.
867 2393 887 2452 f.
907 2393 985 2452 Phil.
1012 2393 1103 2466 1876,
1125 2413 1157 2470 p.
1173 2393 1223 2464 64,

102 2518 150 2592 qui
177 2511 356 2574 exeuntibus
384 2512 502 2566 tentum
529 2503 664 2561 versibus
691 2499 767 2557 hane
795 2497 919 2555 formam
942 2497 1083 2556 vindieat.
1107 2525 1150 2536 -
1173 2498 1223 2554 95.

100 2612 254 2693 pistillum
283 2620 363 2672 reete
391 2611 481 2669 ceteri
503 2606 590 2666 eodd.
613 2607 724 2682 praeter
746 2601 777 2660 B.
807 2631 850 2641 -
878 2602 927 2659 96.
958 2595 1076 2659 retentio
1103 2597 1224 2676 soporat,

104 2721 137 2780 cf.
162 2723 232 2780 303.
259 2719 330 2776 392.
372 2715 436 2772 Oet.
462 2711 497 2770 R.
521 2709 557 2768 R.
583 2711 616 2766 5:
655 2705 745 2780 ,duas
779 2709 832 2763 aut
861 2709 923 2762 tres
951 2703 1080 2763 familias
1110 2701 1225 2775 habeat,

103 2825 177 2883 unde
199 2819 315 2883 utenda
336 2823 425 2892 roget
447 2821 477 2873 et
499 2811 606 2890 quibus
629 2807 689 2880 det,
713 2812 859 2884 praterea
877 2804 1019 2865 nemini“.
1040 2835 1080 2846 -
1098 2807 1147 2864 97.
1171 2821 1226 2864 ue·

104 2925 186 2988 nisse
209 2925 302 3002 atque
323 2907 500 2992 abstulisse,
523 2919 543 2974 i.
557 2936 582 2974 e.
596 2913 727 2972 ablatum
750 2913 866 2970 venisse
883 2909 940 2983 vel,
960 2929 1049 2986 quum
1066 2909 1226 2980 venissent,

105 3031 269 3090 abstulisse.
314 3025 385 3083 Haec
408 3023 468 3081 duo
490 3019 583 3078 verba
604 3017 740 3092 quemvis
759 3011 927 3090 copulative
945 3012 1105 3070 coniuncta
1127 3014 1227 3068 tamen

105 3155 157 3212 pro
178 3153 239 3192 uno
270 3135 354 3200 sunt,
388 3129 433 3185 ita
460 3129 495 3182 ut
516 3122 664 3180 obiectum
692 3116 867 3194 posterioris
894 3115 989 3190 priori
1019 3116 1226 3189 anteponatur,

105 3239 139 3297 ol.
157 3239 244 3296 262:-
263 3231 401 3307 „uascula
423 3231 504 3287 intus
527 3243 600 3301 pure
623 3239 753 3298 propera
774 3223 864 3294 atque
887 3213 983 3289 elue“,
1007 3217 1025 3274 i.
1050 3237 1074 3273 e.
1098 3235 1230 3292 propera

107 3341 211 3399 eluere.
258 3337 328 3396 Tar.
351 3333 408 3394 Ad.
433 3334 512 3392 917:
540 3327 603 3402 ,Tu
624 3325 693 3384 illas
715 3323 764 3382 abi
787 3326 818 3380 et
845 3315 999 3378 traduoe“.
1045 3317 1133 3392 Verg.
1158 3317 1227 3376 AEn.

107 3443 187 3516 VIII,
214 3442 296 3500 127:
334 3437 479 3514 „Optume
501 3431 719 3508 Graiugenum,
754 3428 801 3486 oui
824 3445 871 3483 me
892 3421 1028 3481 Fortuna
1049 3423 1167 3499 precari
1189 3419 1230 3479 Et

107 3549 181 3606 vitta
209 3547 344 3621 comptos
366 3540 461 3597 voluit
482 3533 670 3614 pretendere
692 3525 822 3590 ramos“.
868 3525 923 3585 Est
947 3529 1139 3598 constructio,
1163 3543 1229 3600 quta

108 3649 149 3705 διὰ
176 3651 263 3724 μέσον
297 3645 409 3702 dicitur
443 3635 601 3715 (Villoison
635 3634 747 3694 Aueed.
776 3631 820 3701 ΙΙ,
855 3651 886 3708 p.
917 3625 986 3702 92),
1028 3630 1119 3686 etiam
1151 3627 1230 3705 apud

109 3751 222 3812 Grates
245 3769 307 3809 non
328 3747 509 3822 infrequens,
532 3745 567 3800 ut
589 3741 681 3800 Thue.
700 3737 754 3810 III,
774 3739 823 3808 68,
850 3735 885 3792 1:
907 3734 938 3790 τὸ
960 3730 1027 3788 αὐτὸ
1050 3731 1096 3788 ἕνα
1119 3730 1231 3788 ἕκαστον

109 3857 314 3934 παραγαγόντος
336 3852 382 3908 καὶ
403 3849 555 3925 ἐρωτῶντες.
599 3843 649 3917 lv,
675 3845 723 3914 72,
743 3841 775 3898 3:
805 3839 851 3894 τὸν
866 3836 1009 3912 ἵππαρχον
1026 3880 1031 3890 .
1049 3879 1054 3890 .
1073 3879 1078 3890 .
1097 3836 1230 3911 προσελά-

110 3981 199 4026 σαντες
221 3960 249 4016 οἱ
273 3957 412 4027 Ἀθηναῖοι
437 3952 482 4008 ναὶ
506 3949 708 4011 ἀποκτείναντες
731 3945 901 4002 ἐσκύλευσαν.
934 3937 1012 3997 Ρ1ο1.
1027 3936 1180 4014 Protagor.
1199 3957 1229 4014 p.

111 4065 168 4122 335
180 4063 220 4122 E:
245 4064 298 4118 τῶν
319 4057 521 4131 δολιχοδρόμων
536 4052 700 4127 τῳδιοθοῖν
716 4046 806 4104 τεκαὶ
823 4043 950 4100 ἕπεσθαι.
990 4039 1150 4114 Antholog.
1166 4037 1231 4112 VII,

113 4167 183 4225 664:
213 4167 373 4242 Ἀρχίλοχον
397 4161 442 4216 καὶ
472 4159 558 4213 στᾶθι
579 4158 625 4212 καί
646 4152 735 4210 εἴσιδε.
758 4149 795 4208 al.
823 4146 858 4205 ol.
882 4143 1023 4216 Haiberg.
1046 4143 1077 4200 in
1100 4141 1233 4200 Nordislr

112 4269 255 4327 Tidskrift
288 4266 308 4324 f.
338 4263 488 4337 Philologi
517 4281 545 4320 u.
574 4279 597 4317 s.
626 4255 686 4328 ΙΙΙ,
719 4273 748 4330 p.
776 4252 834 4310 147
861 4267 926 4324 sqq.
960 4275 1002 4284 -“
1038 4247 1107 4304 100.
1137 4238 1231 4304 Bona

115 4364 267 4443 Fortasse,
296 4368 403 4444 Άγοθὴ
428 4367 518 4436 Τύχη,
545 4368 609 4420 tam
633 4379 650 4416 a
672 4355 791 4414 Latinis
813 4369 901 4429 quam
924 4369 942 4406 a
964 4346 1074 4406 Graeois
1097 4347 1232 4420 adorata,

115 4473 148 4532 al.
170 4473 228 4533 Cio.
254 4473 338 4530 Verr.
361 4468 411 4542 IV,
437 4469 464 4541 3,
489 4470 517 4525 7.
569 4463 706 4538 Inscript.
737 4455 827 4516 Orell.
860 4453 951 4511 1744.
976 4451 1068 4508 5787.
1093 4449 1230 4524 Wagner.
