2960 5012
805 558 898 612 Planci
1211 555 1263 627 111,
1273 559 1298 626 6,
1311 559 1396 612 18-51

730 747 973 830 Megadorus

293 857 377 934 Quid
399 863 436 922 tu
460 863 492 920 te
516 857 604 921 solus
628 878 645 920 e
669 863 786 920 senaiu
809 857 969 920 senocas?

779 963 918 1028 Euclio

289 1073 347 1137 Pol
371 1095 438 1154 eqo,
463 1079 555 1138 uite
579 1094 731 1138 accusem
754 1074 881 1150 merito,
904 1073 1096 1138 meditabar.

729 1181 970 1263 Megadorus
1185 1161 1189 1168 ι

1142 1290 1227 1367 Quid
1251 1289 1321 1354 est?

780 1397 923 1462 Euclio

291 1511 375 1588 Quid
398 1510 451 1586 sit,
474 1529 525 1572 me
549 1507 694 1590 rogitas?
718 1507 774 1588 qui
796 1507 877 1570 mihi
900 1507 1005 1571 omnis
1028 1507 1164 1590 angulos

290 1619 412 1681 Furum
434 1617 604 1700 inpleuisti
626 1619 658 1680 in
681 1615 821 1679 aedibus
842 1615 962 1679 misero
985 1615 1079 1696 mihi;

290 1727 351 1804 Qui
376 1725 453 1789 mihi
476 1723 653 1788 intromisti
676 1723 709 1786 in
732 1723 822 1788 aedis
846 1723 1040 1805 quingentos
1064 1745 1187 1807 coquos
1361 1742 1404 1794 545

289 1833 373 1898 Cum
396 1834 483 1898 senis
507 1831 666 1910 manibus
689 1849 808 1912 genere
832 1831 1055 1914 Geryonaceo;

290 1943 379 2019 Quos
403 1944 430 2006 si
452 1943 558 2024 Argus
583 1945 702 2018 seruet,
726 1939 782 2022 qni
804 1939 939 2004 oculeus
963 1939 1149 2020 imminit,

291 2051 393 2126 Quom
417 2049 581 2133 quondam
605 2049 676 2112 Ioni
698 2048 780 2112 Iuno
803 2048 971 2112 custodem
995 2049 1132 2128 addidit,

288 2159 321 2222 Is
345 2179 521 2240 numquam
545 2163 669 2236 seruct3
694 2163 868 2240 praeterea
889 2157 1067 2236 tibicinam,

289 2265 379 2342 Quae
403 2267 482 2330 mihi
504 2265 703 2330 interbibere
727 2265 806 2344 sola,
828 2265 855 2329 si
878 2267 956 2330 uino
980 2271 1094 2344 scatet,

290 2373 551 2438 Corinthiensem
574 2374 698 2438 fontem
720 2372 860 2436 Pirenen
883 2379 1000 2456 potest.

289 2483 372 2546 Tum
395 2482 566 2565 opsonium
590 2487 700 2546 autem
725 2517 767 2526 -

733 2589 976 2672 Megadorus

749 2697 809 2762 Pol
831 2700 881 2762 vel
904 2699 1025 2781 legioni
1050 2705 1102 2762 sat
1126 2704 1185 2762 est.

289 2806 398 2870 Etiam
421 2825 540 2888 agnum
563 2807 646 2870 misi.

783 2913 927 2980 Euclio

693 3019 764 3098 Quo
788 3023 919 3106 quidem
944 3045 1028 3106 agno
1053 3031 1105 3088 sat
1128 3025 1195 3088 scio

290 3133 395 3213 Magis
419 3137 585 3196 curionem
609 3151 772 3214 nusquam
796 3153 866 3196 esse
890 3131 992 3196 ullam
1015 3131 1155 3196 beluam.

732 3237 975 3321 Megadorus

291 3348 373 3412 Uolo
397 3369 457 3431 ego
483 3370 522 3412 ex
544 3355 577 3412 te
600 3349 693 3427 scire,
716 3349 772 3428 qui
795 3349 838 3412 sit
861 3369 964 3430 agnus
988 3350 1089 3412 curio.

777 3455 926 3520 Euclio

292 3562 376 3638 Quia
398 3584 473 3628 ossa
494 3583 534 3626 ac
556 3563 651 3645 pellis
675 3569 797 3643 totum
820 3565 869 3627 ita
891 3585 972 3629 cura
995 3570 1111 3629 maced.

292 3669 378 3747 Quin
401 3677 477 3735 exta
498 3671 660 3752 inspicere
683 3671 717 3733 in
739 3669 808 3736 sole
833 3674 929 3735 etiam
951 3674 1028 3738 uiuo
1050 3674 1144 3753 licet3

291 3779 344 3843 lta
364 3779 393 3843 is
416 3779 573 3862 perlucet,
598 3778 693 3860 quasi
716 3777 868 3844 lanterna
890 3781 1022 3845 Punica.

735 3888 977 3970 Megadorus

291 3995 505 4084 Caedundum
528 3993 619 4058 illum
644 4015 703 4076 ego
727 3995 878 4060 conduxi.

358 4187 409 4239 542
426 4190 455 4238 te
472 4191 505 4240 tu
523 4204 665 4242 accussem
739 4191 789 4242 545
806 4193 882 4244 intro
900 4192 1002 4245 misisti
1020 4192 1050 4244 in
1070 4191 1185 4245 aedibus
1255 4194 1305 4246 546
1323 4204 1407 4260 gerru

289 4289 377 4328 nuceo
448 4274 497 4325 547
516 4273 644 4328 oeculeus
714 4276 764 4328 549
782 4293 899 4344 praerea
969 4279 1020 4332 550
1038 4283 1128 4332 scatet
1194 4279 1243 4332 551
1263 4277 1366 4331 iontem
1383 4278 1407 4325 et

289 4358 435 4426 pireneum
477 4361 527 4412 552
547 4361 711 4428 obsequium
726 4367 818 4416 autem
832 4364 880 4431 pol
894 4364 940 4420 uel
954 4363 1030 4418 leoni
1047 4371 1108 4418 eata
1124 4369 1167 4418 est
1211 4367 1262 4418 554
1280 4363 1406 4418 curiosam

290 4443 341 4494 556
359 4459 454 4498 curam
473 4446 552 4513 aegei
621 4448 673 4500 557
691 4447 765 4500 soles
784 4449 849 4501 uiuo
