2922 5006
792 494 887 552 Plauti
1228 493 1373 562 111‚tt·-tl

782 684 884 770 Lyco

926 791 1007 872 Quis
1029 799 1067 860 tu
1088 793 1186 862 homo
1209 793 1263 859 es?

732 923 929 991 Curculio

270 1034 422 1101 Libertus
444 1033 545 1114 illius,
569 1053 664 1118 quem
687 1054 800 1100 omnes
825 1031 1037 1099 Summanum
1060 1039 1191 1100 uocant.

778 1175 881 1260 Lyco

268 1285 453 1365 Summano,
476 1285 577 1351 salue.
622 1283 686 1364 Qui
707 1282 938 1364 Summanus’a
961 1284 1014 1350 iae
1038 1285 1147 1350 seiam.

734 1424 930 1492 Curculio

269 1535 353 1613 Quia
374 1536 580 1612 uestimenta,
604 1534 661 1601 ubi
684 1535 868 1602 obdormiui
891 1535 1011 1615 ebrius,
1142 1610 1147 1619 ‚
1332 1547 1374 1601 415

268 1643 459 1722 Summan03
484 1641 525 1706 ob
549 1662 621 1707 eam
644 1663 713 1708 rem
735 1664 785 1707 me
810 1665 921 1710 omnes
945 1643 1158 1710 Summanum
1181 1647 1306 1710 uocant.

778 1784 803 1850 L
837 1806 881 1851 eo

266 1893 355 1958 Alibi
377 1897 410 1957 te
432 1893 564 1958 meliust
587 1913 745 1978 quaerere
767 1807 947 1978 hohpitium
969 1895 1046 1976 tibi3

266 2000 363 2086 Apud
385 2021 437 2066 me
459 1999 609 2086 profecto
631 2001 713 2066 nihil
735 2007 785 2067 est
808 2000 985 2069 Summano
1007 2001 1082 2069 loci.

268 2109 333 2176 Sed
354 2109 455 2175 istum
479 2129 575 2193 quem
598 2109 740 2194 quaeris,
764 2129 825 2192 ego
849 2131 930 2176 eum.

735 2249 929 2318 Curculio

979 2358 1119 2442 Quaeso,
1142 2367 1221 2428 tune
1242 2360 1270 2426 is
1290 2379 1330 2436 ee,

191 2495 195 2504 ·
267 2467 355 2552 Lyco
378 2467 561 2552 trapezita?

775 2597 882 2682 Lyco

595 2706 665 2792 Ego
689 2727 768 2772 sum.

735 2845 927 2915 Curculio

804 2955 941 3022 Multam
964 2979 1015 3024 me
1039 2957 1101 3024 tihi
1326 2971 1369 3026 lto

268 3065 414 3132 Salutem
436 3065 534 3131 iussit
556 3063 865 3150 Therapontigonus
888 3063 997 3131 disere

267 3173 311 3238 Et
332 3172 393 3242 hae
416 3171 558 3239 tabellas
583 3173 663 3239 dare
685 3194 737 3238 me
759 3173 863 3238 iussit.

775 3315 881 3400 Lyco

902 3425 1044 3492 Mihine?

736 3565 927 3634 Curculio

266 3778 363 3866 Cape,
388 3781 515 3865 signum
538 3802 647 3848 nesae.
687 3781 827 3849 Nostin?
1078 3675 1139 3742 Ita.

776 3923 879 4009 Lyco

840 4032 962 4111 Quidni
983 4035 1155 4100 nouerim?

265 4138 434 4224 Clipeatus
457 4139 670 4224 elephantum
692 4140 749 4205 ubi
771 4139 945 4206 machaera
968 4141 1105 4208 dissicit.

333 4373 385 4426 414
403 4370 566 4426 Summanee
620 4370 784 4427 Summanus
836 4375 888 4428 422
906 4373 996 4428 Mihin
1048 4375 1100 4430 424
1117 4372 1227 4430 deesinit
