2960 5012
73 555 115 626 111,
125 559 148 628 5,
159 559 254 627 54-6,
267 560 300 611 12
550 557 702 612 Aulularia.

74 747 170 830 [Miles
194 750 382 832 impransus
406 755 503 828 estet,
527 768 583 812 ees
607 755 720 812 censet
742 745 824 812 deri.

72 856 128 922 bbi
148 857 320 942 disputata
342 863 393 922 est
415 858 501 922 ratio
525 877 599 920 eum
622 856 817 939 argentario,

73 963 169 1030 Etiam
193 965 269 1050 plus
293 965 385 1048 ipsus
408 964 495 1029 ultro
519 964 618 1030 debet
636 963 854 1048 argentario]

74 1072 144 1157 Spes
166 1079 368 1157 prorogatur
390 1072 487 1138 militi
511 1075 544 1138 in
568 1073 669 1138 alium
692 1072 787 1138 diem.

73 1179 153 1246 Haeo
176 1189 253 1246 sunt
276 1177 377 1264 'atque
400 1181 485 1246 aliae
509 1180 632 1246 multae
656 1181 688 1246 in
711 1184 836 1264 magnis
858 1181 991 1248 dotibus

74 1289 345 1356 inconmoditetes
370 1297 584 1373 sumptusque
608 1291 842 1356 intolerabiles.
941 1285 946 1300 ⁴

74 1399 145 1462 Nem
168 1419 252 1481 queo
275 1397 471 1477 indotetost,
495 1420 534 1463 ee
557 1401 590 1464 in
614 1405 810 1482 potestatest
833 1401 912 1481 uiri3

76 1506 207 1572 Dotatae
230 1512 378 1571 mactent
401 1512 434 1570 et
456 1507 543 1574 melo
568 1513 601 1572 et
624 1509 742 1573 domno
765 1509 866 1572 uiros.

18 1621 20 1642 ¹
48 1599 51 1609 Α
76 1614 132 1680 Sed
153 1637 265 1680 eccum
289 1613 430 1680 adfinem
454 1621 531 1680 ante
554 1616 658 1681 aedis.
700 1616 785 1694 Quid
809 1617 886 1698 agis,
911 1617 1050 1684 Euclio?

558 1724 704 1789 Euclio

44 1861 47 1866 ¹
75 1831 207 1897 Nimium
230 1833 385 1898 lubenter
408 1833 461 1898 edi
483 1854 665 1898 sermonem
689 1841 791 1898 tunm.

511 1963 751 2048 Megadorus

76 2073 150 2136 Ain?
172 2074 353 2138 audiuisti?

557 2182 704 2247 Euclio

423 2289 535 2374 Usque
559 2312 580 2354 e
601 2291 762 2374 principio
787 2292 906 2355 omnio.

510 2416 753 2500 Megadorus

77 2522 189 2588 Temen
213 2546 286 2589 meo
311 2524 444 2606 quidem
467 2525 575 2590 animo
599 2525 768 2607 eliquanto
791 2525 894 2590 facies
916 2529 1047 2601 rectius

80 2631 109 2697 Si
128 2633 261 2699 nitidior
284 2634 330 2698 sis
353 2633 440 2698 filiae
462 2634 596 2717 nuptiis.

561 2765 707 2829 Euclio

79 2871 135 2938 Pro
156 2897 191 2939 re
213 2876 358 2940 nitorem
381 2881 415 2939 et
437 2873 576 2957 gloriam
599 2895 658 2956 pro
683 2875 779 2956 eopia

81 2979 135 3056 Qui
155 2983 288 3062 hebent,
313 2983 531 3046 meminerunt
555 3004 636 3062 sese,
658 2983 745 3046 unde
770 2981 899 3046 oriundi
923 2985 1022 3061 sisnt3

80 3089 183 3172 Neque
207 3093 274 3176 pol,
297 3091 483 3173 blegadore‚
508 3089 587 3155 mihi
610 3111 671 3154 neo
694 3091 871 3174 quoiquam
894 3092 1034 3174 pauperi
1149 3109 1199 3162 535

81 3197 232 3282 Opinione
256 3201 373 3264 melius
395 3221 448 3263 res
472 3205 631 3264 struetest
654 3199 751 3263 domi.

516 3331 761 3415 Megadorus

82 3436 175 3505 Immo
200 3490 334 3505 .......
359 3439 393 3504 di
414 3440 551 3519 facient,
574 3446 612 3504 ut
635 3441 706 3520 siet,

82 3544 150 3613 Plus
172 3549 312 3632 plusque
410 3549 497 3613 istuc
521 3550 693 3632 sospitent,
717 3546 804 3629 quod
825 3567 913 3612 nuno
935 3547 1048 3612 habes

562 3680 711 3744 Euclio

84 3785 160 3852 Illud
184 3789 260 3854 mihi
283 3789 423 3853 uerbum
446 3811 511 3854 non
533 3788 643 3872 placet
671 3787 779 3871 „quod
801 3807 888 3852 nuno
911 3787 1047 3852 hebes“.

85 3893 228 3961 Temhoo
240 3899 304 3962 scit
316 3919 368 3962 ine
386 3897 518 3976 habere,
543 3917 641 3978 quem
658 3902 804 3978 egomet3
827 3917 910 3960 enus
923 3895 1131 3979 foeitpolam.
1151 3915 1203 3966 540

146 4117 306 4168 ernestone
404 4113 506 4168 Versus
524 4114 685 4167 terminatur
709 4113 739 4166 iu
758 4129 817 4178 ees,
837 4114 984 4180 proximus
1007 4113 1038 4164 in
1060 4109 1202 4178 disputate

87 4207 133 4252 est.
160 4203 252 4255 tertius
269 4203 300 4254 in
319 4201 481 4268 argentario
566 4199 616 4252 526
633 4196 759 4266 Namque
777 4197 834 4250 ind.
915 4199 965 4250 529
987 4196 1203 4263 suprasorzbitur

87 4283 213 4340 EUCLIO
230 4284 458 4342 MEGADORUS
478 4283 593 4338 SENES
610 4283 686 4338 DUO
747 4283 867 4336 libenter
886 4283 915 4335 di
933 4283 1027 4335 audiui
1046 4298 1202 4334 sermonem

36 4387 37 4436 j
88 4373 132 4424 534
148 4375 322 4428 meminerint
408 4374 458 4426 535
477 4371 625 4439 quiequam
705 4371 754 4422 536
773 4367 882 4438 Opione
899 4367 986 4421 melus
1004 4371 1142 4420 restructo
1160 4372 1205 4420 est

36 4445 38 4490 ἶ
89 4456 136 4508 eet
150 4455 236 4513 Immo
255 4463 345 4514 estet
364 4458 392 4511 di
446 4460 496 4511 536
514 4454 579 4508 Plus
598 4471 706 4524 pnsquo
724 4455 797 4508 istuc

967 4556 999 4609 3*
