2922 5006
586 578 618 632 V.
637 582 746 636 20-46.

99 791 185 830 eseru
212 777 359 831 nocturne
386 770 567 833 tollimus?“
626 777 744 836 Eximis
784 784 815 838 et
853 780 955 840 divina
989 781 1017 838 ei
1049 780 1103 838 ills
1139 783 1227 840 initis

98 873 264 948 videntnr3
304 875 357 934 sed
388 876 479 952 ,quid
512 877 670 954 displiceat
701 881 733 939 in
766 887 931 957 nocturnis,
964 887 1061 959 poetae
1093 881 1228 943 indicent

98 973 237 1036 oomici“.
283 977 328 1037 De
350 977 595 1056 Thesmophoriis
617 1001 676 1041 non
705 987 752 1042 est
778 985 984 1061 cogitandum,
1014 1005 1080 1064 que
1110 1007 1128 1044 n
1154 987 1226 1046 solie

96 1082 247 1139 metronis
277 1081 515 1142 celebrsbsntur.
574 1083 673 1142 Etism
695 1087 726 1144 in
755 1088 822 1146 eliis
850 1090 943 1147 enoris
971 1090 1123 1148 nocturnis
1147 1091 1225 1149 eius·

96 1182 181 1242 modi
202 1183 316 1260 probra
337 1183 457 1258 fiebunt,
488 1187 615 1244 maxime
637 1186 798 1265 Dionysiis,
821 1211 850 1250 v.
874 1191 986 1251 Cistell.
1013 1193 1071 1251 153
1095 1213 1159 1270 sqq.
1182 1222 1226 1234 --

97 1288 151 1344 37.
175 1281 226 1350 bio
247 1289 306 1346 ism
335 1289 366 1348 in
389 1289 413 1347 B
434 1290 631 1350 emendatum.
654 1321 697 1332 —-
727 1295 776 1352 39.
805 1309 844 1353 ne
866 1295 885 1353 i.
911 1315 936 1354 e.
960 1296 1072 1354 veritus
1100 1315 1154 1370 ne;
1188 1297 1224 1355 ei.

96 1389 160 1448 (lic.
184 1389 268 1450 Verr.
292 1392 321 1464 Ι,
351 1394 400 1465 17,
429 1394 485 1451 46;
524 1393 663 1466 ,verbum
690 1396 787 1454 fecere
809 1417 870 1456 non
892 1397 1059 1471 audebant,
1088 1399 1226 1458 neforto

96 1514 132 1552 ee
162 1513 210 1552 res
238 1495 278 1553 sd
305 1494 489 1554 Dolabellam
517 1493 713 1574 pertineret“.
747 1499 796 1572 IV,
821 1503 850 1574 7,
877 1503 930 1560 15:
967 1521 1022 1576 „ne
1044 1501 1129 1575 forte,
1155 1501 1225 1560 dum

94 1596 228 1675 publicis
249 1597 398 1657 mundetis
420 1603 542 1673 serviet,
574 1599 611 1658 de
632 1603 760 1678 privetis
781 1603 899 1662 iniuriis
921 1601 1077 1664 retioeet“.
1121 1604 1224 1663 luven.

95 1703 131 1772 8,
165 1701 220 1759 ⁷⁷:
263 1699 424 1773 „Miserum
453 1707 500 1761 est
528 1703 655 1762 eliorum
682 1703 853 1765 incumbere
883 1707 985 1780 mmm,
1019 1705 1064 1766 Ne
1093 1706 1226 1784 collepse

93 1808 188 1862 ruent
209 1801 365 1862 subductis
391 1809 472 1864 teoto
493 1803 669 1866 columnis“.
720 1807 764 1867 Of.
787 1809 866 1868 infre
887 1809 926 1870 sd
949 1811 1008 1870 639
1039 1815 1070 1869 et
1091 1809 1223 1888 Madvig.

94 1907 135 1966 sd
159 1905 219 1966 (lic.
244 1904 308 1966 Fin.
331 1905 367 1981 V,
394 1908 422 1981 3,
447 1909 465 1966 8
488 1927 518 1986 p.
544 1910 615 1970 616.

562 2148 566 2152 -
582 2147 761 2158 --.--.-...-..

183 2323 235 2382 40.
266 2321 371 2381 Euclio
398 2343 487 2382 mum
509 2343 624 2384 servem
647 2343 684 2383 ex
707 2325 822 2384 edibus
845 2327 936 2386 elicit.
960 2321 1136 2386 oxelmdum
1158 2347 1223 2386 cum

94 2427 226 2504 syninesi
247 2425 379 2500 legetur,
409 2445 436 2486 v.
460 2425 578 2502 Proleg.
602 2447 631 2506 p.
656 2430 734 2504 214;
768 2429 844 2488 nihil
866 2427 1058 2503 mutandum,
1088 2434 1224 2506 quemvis

93 2531 228 2604 Mulier,
252 2528 351 2588 Pleut.
375 2527 460 2589 Proe.
484 2549 513 2607 p.
533 2533 593 2590 333
618 2551 671 2609 sq,
695 2531 878 2592 subdubitat.
903 2561 945 2572 -
967 2534 1017 2592 41.
1047 2528 1222 2608 amiensem,

92 2653 159 2693 voc.
190 2633 230 2692 sd
259 2651 322 2691 rem
345 2631 461 2706 fiotum,
495 2635 640 2710 queritur,
676 2636 758 2713 quod
784 2637 878 2696 oculis
912 2636 969 2695 buo
1002 2635 1074 2694 illuc
1107 2637 1223 2696 emissis

92 2737 197 2797 omniu
219 2737 453 2814 circumspectet
478 2737 555 2796 sicut
577 2736 657 2798 infru
675 2739 714 2798 64
734 2759 799 2798 eum
817 2741 907 2798 etism
924 2743 956 2799 in
973 2741 1102 2818 ocoipite
1121 2739 1223 2800 oeulos

92 2840 204 2898 bebere
233 2837 316 2898 dicit.
366 2839 504 2898 Imitatus
534 2845 581 2898 est
602 2841 806 2901 Tertullianus
835 2838 886 2916 (de
913 2842 1005 2919 pellic
1029 2837 1061 2914 3)
1091 2841 1128 2900 de
1155 2841 1222 2902 cbo·

92 2943 252 3002 meleonte
284 2942 516 3020 „circumspectu
545 2945 684 3004 emissicii
713 2945 814 3018 ocelli,
845 2949 935 3004 immo
965 2945 1085 3004 luminis
1111 2950 1224 3022 punctu

91 3042 310 3122 vertiginsnt“.
332 3073 368 3084 -
394 3047 445 3104 42.
469 3040 555 3105 Num
572 3063 636 3120 eser,
653 3067 681 3106 v.
695 3046 733 3106 sd
748 3048 857 3126 Amph.
877 3047 947 3108 548.
982 3049 1016 3106 ln
1033 3046 1058 3105 B
1076 3047 1113 3106 sb
1131 3049 1220 3108 initio

91 3152 241 3227 seriptum
262 3149 323 3207 luit
347 3148 441 3222 „Nem
464 3169 510 3208 rue
538 3170 591 3207 cur
618 3147 696 3223 me“,
725 3150 780 3209 sed
802 3153 885 3228 prius
916 3147 998 3224 ,me“
1026 3169 1142 3209 erasum
1165 3157 1220 3212 est.

96 3283 134 3294 -
158 3254 211 3312 43.
233 3245 350 3311 malam
372 3250 513 3324 aetatem,
536 3257 730 3326 senectutem,
755 3253 791 3312 of.
809 3253 890 3313 Men.
910 3255 982 3312 745.
1005 3283 1044 3294 -
1061 3254 1112 3312 44.
1135 3249 1224 3314 Nam

91 3372 141 3415 nto
164 3371 227 3432 qua
250 3369 346 3413 causa
370 3354 393 3412 Β
415 3375 482 3412 cum
505 3355 590 3415 biatu
612 3357 643 3414 in
666 3375 793 3429 caesnrs3
829 3357 910 3434 vulg.
933 3377 971 3414 ex
993 3355 1020 3414 D
1046 3355 1140 3430 „Nem
1164 3376 1223 3434 qus

92 3479 140 3517 me
163 3479 243 3517 nunc
266 3456 385 3517 osnee“.
415 3487 458 3498 -
480 3459 531 3518 45.
562 3457 685 3517 Versum
709 3459 796 3517 effert
818 3457 933 3519 Nonius
955 3479 985 3536 p.
1010 3461 1069 3518 381
1095 3463 1127 3517 et
1151 3462 1222 3534 395,

92 3567 225 3638 utroque
247 3561 313 3620 loco
335 3566 369 3619 ut
390 3561 422 3619 in
445 3561 531 3621 codd.
550 3561 697 3621 Plautinis
716 3564 824 3621 emisse
840 3561 1047 3638 interrogandi
1063 3563 1221 3640 particule,

91 3686 129 3724 ne
142 3685 210 3723 cum
221 3663 371 3741 Wagnero
387 3661 499 3739 ,egon“
522 3665 701 3739 scribemus;
724 3665 760 3724 of.
778 3663 817 3722 ed
834 3666 942 3742 Amph.
963 3667 1035 3726 718.
1047 3695 1090 3706 -
1103 3659 1222 3727 Stimu-

93 3764 198 3828 lenm
219 3781 308 3844 seqre
330 3787 416 3826 serve
438 3787 516 3845 supe
538 3768 695 3827 verberate
717 3767 836 3841 dicitur,
866 3769 952 3844 qussi
974 3770 1006 3826 iu
1028 3771 1112 3829 cuius
1134 3775 1222 3846 tergo

81 3855 156 3930 *tem
180 3869 269 3928 multi
291 3869 404 3929 stimuli
427 3869 543 3929 conditi
565 3875 650 3944 eunt,
680 3876 716 3930 ut
742 3870 813 3930 iude
840 3873 911 3930 meti
940 3889 1031 3949 posse
1053 3871 1221 3947 videantur,

92 3975 128 4033 ol.
154 3973 254 4032 Gesin.
279 3973 358 4031 424:
397 3974 604 4046 „stimulorum
625 3970 748 4034 loculi“.
793 3973 874 4033 Pers.
898 3975 977 4033 793:
1016 3974 1221 4048 ,stimulorum

92 4071 215 4137 tritor“.
244 4081 306 4134 not.
330 4075 369 4134 ed
398 4077 481 4136 Asin.
505 4077 578 4136 415.
608 4105 652 4116 -
679 4079 730 4137 46.
765 4070 863 4150 Illuc,
897 4078 1090 4136 remotiorem
1124 4075 1223 4136 locum

92 4181 190 4257 digito
220 4183 374 4238 monstret.
420 4178 560 4239 Editores
588 4178 650 4238 lere
679 4197 781 4238 omnes
809 4179 865 4238 boo
893 4181 991 4258 repeti
1019 4183 1165 4257 poterunt
1192 4185 1224 4239 et

91 4285 359 4360 interpunxerrmt:
386 4280 479 4354 „Illuc
501 4280 660 4354 regredere
676 4280 713 4340 ob
728 4283 815 4356 ostio,
839 4280 941 4356 illue“,
966 4287 1019 4341 sut
1039 4281 1131 4357 „illue
1148 4279 1220 4341 sie“.

91 4385 152 4446 Sed
183 4385 310 4442 alterum
336 4379 414 4443 illue
447 4403 513 4444 oum
540 4383 734 4462 sequentibus
761 4385 945 4460 iungendum
973 4390 1033 4458 est3
1067 4385 1110 4444 sic
1142 4388 1222 4445 enim

92 4489 169 4548 solet
198 4486 336 4545 Plautus:
376 4487 469 4560 „Illuc
497 4488 537 4546 sis
565 4483 653 4546 uide¹⁴
684 4485 792 4546 Buech.
820 4489 888 4547 135.
918 4487 982 4548 Mil.
1008 4489 1078 4548 202.
1108 4486 1217 4546 Pseud.
