2932 5010
532 562 563 617 v.
584 565 728 620 551-555.
1128 575 1187 636 341

76 765 103 817 st
123 779 294 837 procerum,
329 758 408 817 unde
430 763 544 836 tegetes
566 757 652 820 liunt.
707 760 781 819 Inde
802 761 994 839 proverbium
1018 768 1064 821 est
1085 765 1117 822 iu
1140 783 1190 824 aas

74 867 169 920 natum
198 881 260 935 res,
295 880 361 938 qua
389 861 501 920 nullius
532 862 738 939 impedimenti
766 867 850 921 sunt:
883 865 915 922 in
948 861 1045 941 scirpo
1077 865 1191 926 nodum

74 983 199 1040 quaerere
221 961 297 1023 etc.“
347 959 439 1040 pueri
461 963 560 1038 codd,
585 964 667 1042 quod
694 985 749 1043 per
777 959 989 1026 attractionem
1017 966 1076 1026 dici
1102 987 1191 1045 posse

72 1066 192 1139 ridetur,
216 1087 245 1126 v.
268 1066 307 1125 ad
324 1067 435 1144 Amph.
457 1069 547 1127 1002.
586 1062 724 1145 ,pueris“
749 1088 786 1126 ex
807 1067 900 1127 schol.
918 1068 992 1128 Hor.
1005 1068 1190 1130 Camerarius

72 1167 186 1245 aliique.
243 1167 346 1227 Pueris
375 1175 481 1228 natare
510 1168 694 1228 discentibus
721 1169 897 1247 plerumque
920 1175 1022 1230 cortex
1044 1191 1191 1250 suppone·

71 1271 168 1343 batur,
202 1291 230 1330 v.
259 1271 356 1330 Horat
382 1272 402 1331 l.
426 1273 462 1330 1.:
500 1271 604 1346 „nabis
634 1273 697 1330 sine
727 1271 868 1348 cortice“;
901 1273 953 1332 ubi
980 1275 1072 1353 scirpi
1106 1276 1192 1352 copia

73 1372 255 1445 abundabat,
289 1375 420 1452 scirpeus
442 1377 521 1432 rates
544 1374 776 1435 circumdabant.
798 1405 842 1415 -
866 1377 936 1436 592.
970 1376 1190 1455 huncquoque

72 1495 181 1534 versum
213 1475 306 1535 schol.
337 1475 409 1535 Hor.
440 1475 535 1536 affert.
567 1506 605 1518 -
643 1478 713 1536 594.
749 1473 857 1538 toleret
889 1479 959 1538 olim
993 1481 1190 1539 emendatum.

71 1577 220 1654 Significat
247 1580 443 1650 ,sustentet“.
478 1578 588 1638 Hariue
616 1575 718 1652 ,oum“
743 1579 876 1654 addidit;
899 1581 973 1640 mihi
995 1565 1055 1640 non
1077 1602 1190 1656 servus,

71 1681 118 1739 red
140 1681 313 1740 adolescens
335 1680 500 1740 subiectum
522 1681 653 1755 videtur,
677 1683 713 1742 cf.
726 1682 917 1742 TacAunal.
935 1683 986 1759 IV,
1003 1685 1059 1743 40:
1086 1703 1191 1760 „posse

70 1784 159 1861 ipsam
181 1783 299 1843 Liviam
324 1789 463 1856 statuere,
486 1782 658 1843 nubendum
680 1790 750 1863 post
767 1784 895 1844 Drusum
919 1807 957 1844 an
979 1788 1010 1844 in
1033 1786 1191 1862 penatibus

68 1886 154 1945 isdem
182 1886 374 1945 tolerandum
404 1884 554 1946 haberet.“
585 1917 628 1926 -
648 1901 780 1962 pessum
810 1883 912 1960 abeat,
942 1888 1066 1947 fundum
1096 1895 1190 1965 petat,

70 1987 101 2048 51.
124 1987 195 2048 (list.
221 1990 293 2047 211.
327 1989 404 2048 Rud.
425 1991 495 2048 395.
530 1989 648 2048 Trucul.
675 1991 723 2048 36.
758 1990 849 2049 Most.
876 1992 966 2050 1152.
1001 1990 1120 2050 Lucret.
1140 1991 1189 2064 vl,

71 2093 139 2151 589:
176 2091 300 2167 „multa
332 2109 388 2167 per
420 2111 500 2149 mere
534 2111 653 2168 pessum
683 2091 849 2150 Subscdere
883 2093 944 2150 suis
976 2095 1091 2170 pariter
1124 2113 1191 2152 cum

69 2193 176 2253 civibus
199 2190 321 2252 urbes“.
366 2191 467 2252 Senec.
491 2193 545 2266 Qu.
569 2201 632 2253 nat.
656 2195 713 2267 III,
745 2197 800 2268 25,
833 2197 860 2252 5.
886 2195 990 2252 51-
1016 2194 1191 2254 Extremam

69 2315 165 2355 sersus
188 2301 315 2374 partem,
339 2315 404 2372 quae
423 2298 521 2373 periit,
545 2299 663 2372 egregie
681 2297 832 2375 supplevit
850 2296 1014 2356 Lambinus
1033 2297 1191 2375 tamquam

69 2393 291 2475 catapiratem
313 2398 461 2472 scribens,
492 2419 560 2458 nam
583 2403 821 2477 καταπειρητηρὶη,
852 2407 884 2458 ut
906 2399 1079 2460 Herodotus
1102 2400 1146 2473 II,
1173 2403 1189 2461 5

68 2507 95 2558 et
113 2503 161 2574 98,
186 2508 236 2560 est
258 2501 421 2576 plumbum,
446 2502 527 2578 quorl
549 2505 581 2560 in
604 2522 684 2560 mare
707 2503 878 2562 demittitur
901 2503 1069 2562 altitudinis
1089 2505 1190 2580 explo-

68 2603 162 2662 randae
185 2623 284 2662 causa.

148 2709 220 2765 595.
257 2699 353 2764 Nuuc
380 2705 481 2778 codd,
519 2703 631 2779 „Nam“
659 2707 740 2766 Brix.
770 2707 888 2767 Miiller.
918 2707 1005 2784 Seyff.
1035 2736 1075 2748 -
1105 2709 1193 2768 amul

66 2810 229 2884 posteriore
258 2808 359 2880 breui3
395 2807 522 2867 Franck.
546 2824 633 2870 meus
662 2812 783 2870 omittit.
807 2840 850 2852 —
874 2813 944 2870 597.
970 2826 1048 2887 quae
1068 2805 1189 2886 fierent,

68 2929 121 2970 om.
147 2909 303 2984 „eorum“,
337 2930 365 2969 v.
397 2910 434 2967 ud
462 2911 568 2988 Amph.
600 2913 648 2971 38.
677 2943 717 2952 —
748 2901 837 2989 jieret
864 2914 933 2972 olim
963 2933 1018 2972 em.
1047 2943 1090 2952 -
1119 2915 1189 2974 598.

68 3010 147 3072 omui
169 3019 310 3091 correpta
331 3015 431 3090 priore
454 3013 576 3089 syllaba,
600 3035 627 3072 v.
652 3013 787 3091 Prolegg.
807 3035 836 3092 p.
857 3018 927 3075 200.
951 3044 994 3054 -
1016 3012 1085 3074 siue
1107 3011 1192 3074 omui

67 3112 254 3191 suspicione,
278 3116 296 3172 i.
322 3135 347 3174 5.
371 3119 434 3173 51115
456 3117 518 3174 ulla
540 3137 574 3188 s.,
598 3117 633 3175 cf.
659 3119 736 3188 2083
773 3119 972 3195 suspicionem
996 3123 1094 3174 autem
1118 3119 1191 3175 dicit

66 3219 202 3292 aliorum,
228 3237 289 3276 uon
301 3237 394 3276 suam.
406 3213 539 3278 -Aroe
554 3220 585 3276 in
604 3220 760 3294 proscenio
779 3239 841 3277 5555
859 3219 1004 3290 solebant,
1028 3239 1056 3278 v.
1075 3219 1189 3278 Polluc.

66 3318 112 3392 lv,
137 3323 216 3381 123:
240 3320 301 3377 Ἐπὶ
323 3321 352 3378 de'
373 3325 418 3391 cic
441 3323 536 3392 σκηνῆς
553 3321 599 3377 καὶ
616 3321 723 3398 ἀγυιεὺς
741 3321 823 3380 ἔκειτο
841 3322 931 3397 βωμὸς
947 3323 1002 3398 πρὸ
1018 3323 1069 3379 τῶν
1087 3324 1190 3399 θυρῶν.

67 3421 143 3481 Talis
172 3431 425 3483 commemoratur
454 3423 534 3500 apud
563 3424 680 3484 Terent.
710 3424 803 3483 Andr.
834 3425 911 3483 726:
955 3445 1008 3498 „cx
1042 3445 1095 3484 ara
1122 3425 1191 3484 hinc

65 3542 142 3583 sume
169 3525 316 3584 uerbenas
344 3525 431 3586 tibi“.
483 3526 573 3585 Most.
607 3529 703 3586 1074:
741 3527 823 3602 „Ego
856 3529 975 3585 interim
1005 3528 1081 3586 hanc
1109 3547 1191 3586 aram

66 3626 245 3705 occupab0“.
280 3629 373 3688 Mero.
399 3631 474 3688 667:
502 3629 596 3702 ,hanc
619 3633 710 3688 uicini
733 3633 827 3688 nostri
853 3627 965 3703 aram“,
990 3651 1077 3707 quarn
1099 3631 1191 3708 Apol·

65 3728 130 3789 linis
153 3731 247 3788 fuisse
271 3751 306 3789 ex
328 3751 357 3790 v.
383 3735 441 3792 669
472 3738 612 3810 apparet;
646 3753 704 3809 quo
733 3731 938 3791 animadverso
969 3737 1059 3792 etiam
1081 3733 1190 3792 Bacch.

68 3833 122 3891 170
156 3833 214 3891 1155
248 3834 354 3892 referri
386 3839 496 3912 potest.
552 3835 628 3893 Aras
657 3835 840 3912 occupabant
868 3837 1036 3913 supplices,
1070 3855 1130 3913 quo
1159 3855 1191 3894 se

66 3933 185 3996 deorum
208 3936 306 3994 tutela
329 3936 533 4010 defenderent,
557 3937 593 3996 cf.
612 3939 702 3996 Most.
726 3938 746 3996 l.
764 3938 784 3996 l.
803 3937 870 3996 Ter.
889 3937 996 3996 Heaut.
1015 3939 1091 3997 975:
1120 3957 1192 4010 ,nec

66 4039 97 4092 tu
119 4058 201 4096 arum
225 4039 282 4097 tibi
304 4059 358 4098 nec
379 4046 562 4117 precatorem
581 4035 728 4116 pararis“.
767 4039 825 4098 sed
843 4041 932 4098 etiam
950 4041 1038 4098 otiosi
1056 4039 1191 4098 homines

65 4137 93 4195 in
125 4140 266 4199 altarium
301 4142 444 4216 gradibus
473 4142 576 4200 sedere
605 4148 784 4219 potuerunt,
820 4142 916 4218 qualis
946 4141 974 4200 b.
998 4142 1019 4200 l.
1042 4141 1190 4200 Strobilus

64 4239 157 4299 videri
179 4243 254 4303 vult.
279 4273 321 4284 -
345 4247 416 4304 599.
440 4239 598 4319 arbitrari,
621 4246 641 4302 i.
666 4265 691 4303 a.
716 4243 862 4303 arbitrum
885 4264 958 4320 esse,
982 4249 1116 4321 spectare
1139 4249 1191 4302 aut

66 4342 165 4403 audire
195 4345 307 4404 aliena-s
336 4365 398 4419 res;
433 4347 520 4423 vulgo
552 4347 677 4404 dicimus
708 4349 790 4421 „sine
819 4344 964 4419 arbitro“,
993 4352 1028 4404 ut
1050 4345 1115 4406 Cas.
1139 4349 1190 4406 90.

66 4443 146 4522 Capt.
171 4449 248 4507 220:
276 4468 330 4520 ,ne
353 4448 459 4507 arbitri
482 4449 563 4508 dicta
584 4455 687 4508 nostra
709 4449 849 4508 arbitrari
873 4445 1015 4537 queant“.
