2916 5006
232 517 294 580 462
738 513 855 584 captiui.

232 710 332 769 elletis
365 709 432 768 edd.
457 707 539 768 Pers.
565 710 636 768 251.
667 706 754 782 748).
810 709 896 782 Quod
925 729 1015 786 quum
1049 717 1129 770 recte
1162 711 1358 770 intellexisset

231 813 387 872 Dombart.
402 833 449 890 sp.
462 811 555 884 Brix.,
579 813 667 870 nimis
690 817 829 871 contorta
846 813 1036 870 enarratione
1056 811 1224 885 „secedito“
1245 819 1356 872 tuetur.

230 947 273 958 -
294 915 329 975 V.
357 917 392 974 11
418 933 555 972 numeros
578 933 636 974 uon
659 915 773 992 explet3
806 933 860 974 nos
894 915 955 988 „Tu
979 911 1071 974 uero“
1097 915 1281 989 addidimus3
1308 917 1357 976 elii

232 1021 329 1078 aliter.
380 1017 513 1076 Lindem.
547 1016 663 1094 „Neget
691 1016 790 1074 hercle
823 1013 915 1077 illic“.
961 1017 1076 1078 Ritscb.
1109 1017 1226 1094 ,Neget
1257 1019 1359 1080 hercle

230 1119 335 1182 uero“.
370 1119 465 1198 Gepp.
482 1119 599 1194 „Neget
616 1119 761 1178 mehercle
778 1115 871 1178 illic“.
906 1119 1045 1198 Spengel.
1062 1119 1211 1195 ,Negauit
1227 1120 1358 1182 hercls“.

238 1257 275 1268 -
309 1227 357 1284 13.
392 1217 607 1282 mendicarier.
652 1221 858 1298 Deponentem
880 1222 1008 1282 formem
1031 1223 1109 1282 Nou.
1132 1243 1162 1300 p.
1189 1225 1249 1284 138
1273 1225 1361 1284 affert

231 1350 267 1386 ex
289 1326 461 1385 Viduleria:
501 1323 623 1396 „Malim
646 1327 749 1383 moriri
771 1345 853 1384 meos
876 1345 965 1402 quem
988 1324 1219 1386 mendicarier“.
1244 1357 1282 1368 -
1311 1331 1359 1386 14.

232 1447 281 1491 me
302 1445 365 1489 non
386 1427 537 1503 rupturus
560 1441 639 1500 sum,
664 1427 779 1487 11011.
803 1427 841 1486 ed
863 1427 945 1486 Fam.
963 1427 1028 1502 VII,
1056 1431 1082 1502 l,
1107 1429 1141 1486 4:
1169 1429 1289 1507 „dirupi
1313 1451 1359 1488 me
1451 1429 1452 1436 '

231 1553 328 1612 peeue
349 1535 380 1590 in
403 1529 514 1590 iudicio
538 1529 619 1589 Gelli
642 1527 791 1590 caninii“.
853 1530 926 1590 llor.
949 1530 1006 1608 Ep.
1029 1531 1053 1604 I,
1080 1533 1128 1604 19,
1155 1534 1211 1591 15:
1249 1532 1360 1609 ,Rupit

230 1635 377 1695 Iarbitam
402 1634 573 1708 Timagenis
596 1631 703 1692 enula
723 1631 858 1709 liugua“.
893 1633 991 1692 Pleut.
1010 1631 1108 1692 Oasin.
1129 1635 1211 1693 758:
1239 1634 1360 1712 „dirupi

230 1759 276 1796 rue
299 1735 447 1796 centundo
470 1733 611 1812 hymen“.
656 1735 748 1796 Mero.
775 1737 850 1795 13⁷:
888 1735 971 1809 ,Tus
998 1755 1087 1794 ceusu
1108 1737 1177 1811 rupi
1199 1735 1359 1796 rumices“.

230 1841 322 1901 Poen.
348 1841 418 1900 543.
448 1867 491 1879 -
527 1841 575 1899 15.
610 1854 668 1916 ope
694 1858 751 1897 sua
784 1835 950 1912 (111111
978 1837 1101 1915 opibus,
1135 1857 1189 1897 sua
1218 1835 1359 1916 pecums)
1452 1859 1453 1886 1

231 1941 352 2004 censeri
374 1942 538 2020 locupletes
561 1941 715 2014 dicuntur,
746 1943 796 2019 qui
820 1943 851 2000 iu
872 1941 994 2000 theatro
1017 1941 1177 2014 sedebant,
1202 1947 1360 2000 senatores

229 2051 260 2106 in
284 2045 446 2117 orchestra,
471 2047 587 2122 equites
610 2048 762 2120 ceterique
784 2046 815 2102 iu
837 2044 979 2121 gradibus
1001 2051 1071 2121 post
1092 2043 1277 2102 orchestram
1295 2064 1360 2103 sur-

231 2149 379 2226 gentibus,
404 2148 447 2206 ibi
471 2167 590 2225 quoque
608 2167 668 2206 uon
685 2148 768 2205 nulla
784 2147 939 2224 dignitatis
957 2151 1074 2206 ratione
1091 2146 1203 2219 habite,
1227 2147 1362 2224 locisque

229 2273 285 2332 per
306 2251 521 2327 dissignatores
551 2249 721 2324 attributis,
755 2269 783 2309 v.
806 2249 897 2310 Poen.
924 2252 971 2309 19.
1026 2247 1133 2308 Infima
1154 2250 1258 2326 plebs,
1293 2269 1361 2326 ques

231 2357 329 2434 capite
351 2354 415 2413 solo
438 2353 628 2426 censebatur,
663 2357 695 2412 in
716 2353 831 2412 ultimis
852 2353 965 2411 theatri
987 2353 1060 2412 locis
1082 2352 1146 2410 fere
1169 2358 1253 2411 stens
1276 2373 1361 2431 spec·

230 2457 324 2518 tebet.
356 2487 396 2496 -
430 2458 477 2543 16.
509 2450 659 2516 relicuum
681 2475 709 2514 v.
733 2455 770 2514 ed
793 2457 876 2514 Asin.
901 2457 972 2514 231.
1028 2455 1125 2514 Lusus
1154 2475 1190 2512 ex
1219 2454 1360 2532 ambiguo

231 2561 315 2638 qussi
332 2579 391 2618 uon
414 2557 450 2615 de
473 2557 591 2635 reliqua
614 2559 780 2636 argumenti
796 2563 893 2635 perte,
916 2558 968 2616 sed
989 2559 1025 2616 de
1041 2557 1161 2616 residuo
1181 2559 1248 2616 sris
1268 2558 1360 2616 elieni

230 2662 362 2720 nondum
385 2661 484 2720 soluto
513 2679 609 2718 sermo
638 2667 730 2733 esset,
765 2681 826 2738 que
855 2659 1074 2735 significatione
1100 2657 1254 2736 ,reliqua“
1281 2679 1361 2737 saepe

231 2765 372 2823 dicuutur
402 2763 482 2840 epud
511 2761 691 2822 Ciceronem.
736 2763 780 2822 cf.
805 2763 875 2822 0111.
903 2765 961 2822 185
985 2783 1030 2840 sq.
1057 2762 1160 2836 „Nunc
1183 2763 1266 2839 quod
1289 2763 1359 2821 reli·

231 2887 318 2926 cuum
345 2870 441 2924 restet
467 2865 538 2923 uolo
566 2866 752 2942 persoluere,
786 2871 821 2924 ut
849 2871 1037 2944 expungatur
1063 2883 1187 2938 nomeu,
1223 2883 1262 2924 ue
1286 2865 1359 2943 quid

231 2967 385 3030 debeam“.

318 3074 366 3132 17.
391 3067 542 3146 dicerem,
566 3089 592 3129 v.
617 3069 655 3128 ad
675 3071 783 3148 Amph.
809 3073 879 3130 379.
899 3101 942 3112 —
965 3073 1015 3131 20.
1041 3064 1244 3144 Peculium,
1268 3091 1298 3130 v.
1322 3071 1360 3129 ed
1454 3057 1455 3060 '

229 3178 313 3236 Asin.
338 3175 409 3235 536.
434 3169 513 3232 infre
537 3175 607 3232 977.
633 3175 704 3232 933.
755 3173 902 3252 Ulpianus
932 3175 964 3232 in
986 3171 1100 3249 Digest.
1123 3171 1187 3246 XV,
1215 3175 1241 3246 l,
1267 3177 1296 3246 7,
1322 3175 1356 3232 3:

193 3305 195 3310 ·
233 3277 400 3355 ,Pupilluru
423 3281 523 3334 autem
540 3280 602 3332 111
620 3273 713 3333 filium
733 3297 824 3353 quem
842 3295 957 3334 servum
976 3275 1124 3352 peculium
1142 3275 1253 3333 hebere
1270 3295 1359 3353 posse

229 3382 340 3440 Pedius
361 3379 439 3437 libro
462 3377 517 3436 XV
539 3377 658 3450 scribit,
694 3397 784 3455 quum
807 3377 878 3451 hoc,
912 3379 1026 3454 inquit,
1057 3383 1154 3435 totum
1185 3397 1221 3435 ex
1244 3377 1358 3436 domini

230 3483 445 3542 constitutione
467 3478 629 3558 pendeat“.
654 3509 696 3520 -
719 3475 818 3556 quasi,
842 3481 912 3540 fere.
954 3479 1036 3538 Brix.
1061 3480 1137 3538 conl.
1160 3479 1253 3538 Most.
1280 3481 1355 3539 613:

233 3585 338 3662 ,quasi
361 3583 559 3660 quadraginta
581 3581 707 3642 mines“.
742 3583 1086 3642 Τ11.Η1111.145.-
1110 3583 1147 3639 21
1173 3602 1218 3658 sq.
1241 3575 1355 3641 Enim-

229 3701 304 3746 uero
326 3685 397 3745 olim
415 3683 612 3744 emendatum.
650 3683 912 3759 „Digressiunoule
928 3680 1123 3744 brevissims“
1142 3685 1242 3760 iuquit
1253 3681 1355 3742 Lemb.

232 3809 310 3867 „qua
340 3785 488 3864 significet
515 3787 648 3846 homines
676 3787 733 3846 huc
759 3786 831 3846 illuc
858 3789 964 3846 iecteri
992 3786 1116 3846 arbitrio
1146 3785 1269 3844 deorum
1291 3792 1354 3844 ten·

229 3913 318 3971 quam
346 3888 453 3969 pilas“.
514 3889 626 3948 Abesse
659 3893 794 3966 potuisse
827 3889 902 3948 hene
932 3887 1200 3965 digressiuuculam
1229 3887 1355 3946 libenter

229 3995 430 4067 concesserim,
455 3991 507 4050 sed
523 3998 592 4070 post
608 4011 636 4050 v.
654 3993 693 4051 34
706 3994 854 4069 aptiorem
872 4011 936 4050 esse
949 3992 1112 4070 Geppertio
1132 3995 1161 4049 11
1174 3991 1277 4050 Brixio
1294 4009 1352 4048 non

229 4098 432 4168 concesserim,
455 4096 622 4172 presertim
640 4115 730 4171 quum
749 4097 905 4153 immutate
921 4095 992 4153 illuc
1003 4095 1161 4152 transferri
1179 4113 1240 4152 non
1251 4093 1351 4170 possit.

229 4199 324 4277 Gepp.
349 4198 469 4275 quidem
492 4215 547 4273 pro
571 4191 636 4256 Hic
656 4199 758 4272 posuit
785 4192 889 4270 „Sio“;
912 4196 1030 4254 Brixius
1053 4201 1152 4254 11111
1174 4199 1233 4254 toti
1254 4195 1350 4253 versui

231 4304 268 4360 21
288 4318 407 4360 versum
428 4302 466 4358 50
484 4298 653 4372 substituit,
675 4305 814 4358 neutrum
837 4299 964 4356 subiecti
979 4300 1107 4356 mutetio
1125 4297 1262 4356 ostendit.
1304 4295 1348 4354 Ad

228 4407 408 4460 11111111
426 4401 476 4460 Β1.
498 4401 584 4460 effert
594 4399 729 4459 Groecum
747 4399 955 4478 proverbium:
977 4403 1052 4458 θεῶν
1068 4403 1183 4476 παίγνια
1201 4400 1347 4477 ἂνθρωποι
