2956 5010
563 471 596 542 v,
614 475 758 529 saa-413.
835 539 837 544 ,
1160 479 1223 542 559

94 670 219 750 probari
250 673 368 747 potest,
403 667 484 746 qnod
512 667 577 740 alii,
613 673 649 727 ut
675 667 827 740 Mardis..
861 668 927 731 Iud.
950 668 1042 748 Dorp.
1072 689 1101 748 p.
1127 673 1160 742 8,
1195 677 1227 728 et

95 774 223 832 Lorenu.
247 775 279 830 iu
300 771 406 830 Philol.
432 769 527 844 XXX,
550 790 580 847 p.
606 772 665 831 589
689 792 715 830 a·
731 791 792 830 voc.
817 791 845 847 q.
870 792 895 830 e.
919 773 1044 831 incarnis
1068 769 1098 846 (o
1121 769 1226 850 longo)

96 877 205 936 ducere
223 880 378 935 conantur.
390 901 433 912 -—
451 871 522 932 401.
546 872 635 948 Lyco,
656 875 742 950 quasi
759 875 912 950 propriam
929 875 990 933 vim
1009 873 1094 934 verbi
1110 879 1224 946 tenens,

95 981 122 1036 si
145 980 177 1036 in
200 979 363 1050 comitiam,
386 977 494 1052 inquit,
517 980 547 1033 te
570 974 676 1034 ducere
699 976 856 1048 nonlicet,
881 996 950 1036 uum
968 978 998 1035 in
1016 977 1112 1036 forum
1131 973 1227 1036 licet?

95 1081 163 1140 Hoc
186 1086 286 1140 antem
309 1078 399 1138 simili
421 1077 514 1136 verbo
536 1076 692 1155 significat,
718 1072 867 1152 inforare,
892 1079 973 1156 quod
995 1085 1152 1138 enarratur
1177 1080 1227 1152 ,in

96 1183 165 1242 soro
188 1177 352 1260 placitare“
383 1181 420 1240 ab
444 1180 575 1253 Isidoro,
610 1179 706 1240 Gloss.
730 1201 759 1258 p.
785 1183 861 1253 683,
897 1201 983 1258 quem
1012 1181 1111 1240 locum
1140 1180 1229 1240 affert

96 1286 224 1358 Loewe,
259 1285 410 1342 Prodrom.
435 1303 464 1360 p.
490 1285 566 1354 261,
601 1283 727 1340 addens:
765 1285 931 1361 „placitare
960 1283 1037 1342 idem
1072 1289 1118 1342 est
1146 1283 1227 1360 qnod

95 1390 219 1465 litigare
251 1387 331 1465 apud
358 1385 466 1446 infima
494 1391 524 1444 et
554 1385 658 1444 mediae
690 1387 785 1444 aetatis
812 1383 1005 1462 scrIptores“.
1050 1386 1174 1445 Plautus
1197 1387 1228 1444 iu

98 1511 166 1549 sam
188 1490 436 1564 significationem
464 1487 584 1548 flexisse
613 1489 733 1547 videtur
761 1509 862 1548 vocem
891 1491 1014 1566 proprie
1036 1489 1124 1566 longe
1147 1488 1229 1547 aliud

97 1593 332 1668 significantem
363 1591 517 1650 derivatur
545 1595 623 1650 enim
652 1613 670 1650 a
697 1591 824 1652 ioraudo
854 1587 956 1664 (Most.
988 1590 1057 1664 52),
1091 1611 1119 1650 v.
1149 1591 1227 1648 Plin.

98 1697 180 1755 Hist.
199 1705 259 1754 nat.
278 1694 372 1767 XVII,
395 1695 442 1766 14,
464 1695 513 1766 24,
540 1697 615 1754 102:
642 1695 808 1768 „timebant
829 1696 919 1769 prisci
942 1699 1082 1752 truncum
1104 1693 1228 1764 findere,

97 1818 168 1856 mox
190 1798 322 1856 inforare
345 1798 409 1854 ausi
432 1794 568 1868 medic“;
592 1817 646 1854 uec
668 1796 705 1853 ab
728 1797 765 1854 iis
786 1796 943 1854 dissentire
963 1795 1067 1868 audeo,
1090 1797 1142 1872 qui
1159 1795 1188 1855 b.
1208 1796 1229 1855 l.

98 1901 260 1960 obscenam
289 1901 348 1958 vim
376 1898 469 1958 verbo
497 1898 642 1958 tribuunt.
700 1898 809 1956 Verum
839 1897 875 1956 de
903 1901 1034 1956 numeris
1063 1897 1229 1957 dubitatur.

99 2003 208 2062 Oratio
227 2000 348 2078 quidem
366 2001 410 2059 ita
433 1999 489 2059 eibi
511 2005 635 2073 constat,
659 2005 694 2059 ut
717 2000 788 2078 quid
811 2003 920 2060 mutari
942 2003 1038 2079 possit
1058 2020 1119 2058 uon
1141 1999 1229 2058 intel·

98 2105 232 2181 ligatur,
267 2103 320 2162 sed
341 2123 444 2162 versus
466 2105 586 2164 recitari
609 2105 729 2180 nequit,
757 2105 819 2162 uisi
842 2109 873 2161 et
895 2104 992 2162 altera
1014 2102 1129 2179 syllaba
1151 2103 1232 2161 vocis

104 2201 267 2280 „Licetue“
295 2212 326 2263 et
351 2208 450 2284 prima
472 2207 554 2266 vocis
579 2201 802 2278 „incomitiare“
825 2207 1036 2282 corripiuntur.
1080 2205 1231 2281 Equidem

99 2315 207 2367 tamen
230 2307 287 2366 boc
309 2311 445 2367 statuere
468 2309 566 2368 malim
596 2327 685 2386 quam
714 2313 750 2366 nt
772 2329 837 2367 cnm
860 2308 968 2366 Bothio
992 2313 1023 2366 et
1044 2307 1090 2367 Fl.
1112 2303 1228 2381 ,baud“

96 2429 157 2490 pro
190 2406 284 2483 „non“
323 2411 460 2470 scribam.
489 2439 532 2450 -
560 2413 632 2470 402.
661 2405 795 2486 placens
828 2413 852 2469 si
882 2431 984 2469 verum
1013 2415 1073 2484 est,
1107 2410 1230 2468 verbum

98 2513 323 2572 substantivum
358 2519 411 2572 aut
444 2513 566 2572 auditur
604 2519 656 2572 eut
688 2515 718 2572 in
753 2515 889 2590 proximo
923 2533 1010 2571 versu
1045 2512 1115 2572 addi
1145 2513 1233 2571 debet

99 2609 307 2692 („Tuumst“).
347 2614 393 2674 Fl.
416 2613 562 2693 „placct“.
603 2614 704 2674 Gertz.
733 2614 899 2692 „placent“,
924 2615 960 2673 cf.
979 2614 1043 2674 Lis.
1062 2617 1114 2688 Ill,
1133 2617 1182 2688 61,
1203 2617 1231 2674 5.

94 2717 209 2786 XXVI,
236 2719 263 2790 5,
290 2719 338 2776 17.
376 2717 467 2790 XLV,
492 2721 542 2792 26,
569 2721 617 2778 10.
650 2717 721 2777 Eur.
734 2719 844 2783 Alcest.
860 2718 920 2777 360
944 2719 1126 2794 sq.-404.
1150 2713 1233 2776 herne

96 2835 192 2896 quem
222 2834 337 2896 quaero
370 2820 449 2878 idem
477 2841 540 2879 esse
570 2839 604 2880 ac
636 2841 742 2898 „quem
777 2821 825 2880 hic
858 2816 980 2896 quaero“
1017 2819 1232 2878 animadvertit

95 2921 181 2980 Brix.
211 2922 287 2980 Anu.
317 2921 423 2999 philol.
454 2921 540 2994 CXV,
573 2943 603 2998 p.
634 2924 705 2982 334.
737 2952 774 2961 -
811 2924 882 2981 407.
918 2918 1066 2998 quoiaiee,
1101 2921 1160 2980 vid.
1192 2921 1230 2978 ad

95 3024 209 3084 Bacch.
235 3018 687 3096 27.—408.Ab,cf.152.
723 3024 787 3082 Mil.
815 3025 883 3082 160.
918 3023 1026 3082 Pseud.
1052 3025 1125 3082 620.
1160 3023 1228 3081 Ter.

95 3124 194 3184 Andr.
220 3127 291 3186 461.
329 3125 466 3186 conferri
487 3131 591 3204 potest
613 3128 703 3185 etiam
727 3126 806 3204 quod
830 3128 861 3184 in
884 3127 1028 3203 catalogis
1050 3126 1229 3184 libertorum

93 3228 278 3287 Thessalicis
302 3225 434 3303 (Ussing,
457 3228 551 3290 Inscr.
571 3229 650 3288 ined.
665 3231 726 3287 n.4
747 3222 826 3305 sqq.)
851 3247 968 3304 semper
991 3229 1100 3304 legitur
1123 3227 1229 3284 idaiae

94 3331 156 3389 ἀπὸ
177 3331 225 3388 τοῦ
246 3331 337 3396 δεινός.
392 3330 570 3390 Nominibus
600 3333 674 3409 ipsis
704 3331 873 3401 iudicatur,
909 3349 999 3406 quam
1029 3329 1117 3388 nihili
1138 3328 1229 3388 bomo

94 3437 148 3493 sit.
191 3436 423 3511 Oepcnovu'poroc
446 3439 493 3492 est
509 3453 597 3494 servo
617 3435 744 3509 genitus,
768 3433 988 3510 Illarcyadbpor,
1012 3434 1064 3509 qui
1082 3433 1228 3509 crepitum

93 3535 175 3609 edit,
205 3555 264 3594 non
285 3555 363 3609 rem,
392 3537 412 3595 i.
437 3556 463 3596 e.
487 3537 651 3610 gloriosus,
681 3537 734 3596 sed
764 3538 891 3614 primum
916 3536 1051 3594 audienti
1073 3534 1228 3611 longitudo

91 3641 165 3716 ipsa
185 3639 314 3697 nominis
337 3636 496 3716 magnifica
518 3639 652 3713 videtur,
681 3639 717 3699 cf.
741 3639 805 3697 Mil.
834 3640 881 3697 14.
905 3668 947 3678 -
973 3638 1036 3712 409
1061 3657 1105 3714 sq.
1135 3635 1226 3695 affir-

92 3744 160 3798 mat
181 3739 236 3798 hoc
258 3742 423 3818 trapezita3
453 3741 511 3800 sibi
535 3743 624 3814 enim,
649 3742 718 3800 dum
741 3760 848 3800 nomen
871 3743 935 3800 eius
958 3740 1111 3812 scriberet,
1136 3743 1226 3816 quat·

91 3849 166 3902 tuor
188 3844 264 3900 ceris
286 3859 361 3920 opus
384 3843 483 3916 fuisse,
516 3863 607 3919 quum
629 3863 684 3904 nec
705 3864 764 3904 una
787 3864 841 3902 nec
864 3843 931 3902 duae
954 3847 1107 3920 caperent.
1151 3841 1225 3899 Nam

91 3949 127 4004 in
156 3943 302 4002 eiusmodi
330 3944 421 4004 rebus
450 3945 660 4004 contrahendis
691 3947 807 4024 antiqui
836 3945 948 4004 tabulis
976 3943 1140 4004 utebantur
1174 3949 1226 4001 aut

92 4045 265 4124 duplicibus
287 4052 340 4128 put
361 4048 546 4124 frequentius
569 4050 660 4106 stiam
683 4047 861 4126 triplicibus,
885 4048 988 4125 quales
1010 4045 1111 4104 multa
1131 4065 1227 4122 nuper

92 4149 247 4226 PompeiIs
269 4151 398 4208 inventa
421 4157 491 4210 sunt
512 4152 543 4208 in
562 4149 675 4209 adibus
693 4150 727 4210 L.
746 4150 857 4210 Caecilii
875 4148 1013 4222 Jucundi,
1037 4169 1065 4208 v.
1080 4148 1116 4206 de
1135 4149 1226 4206 Petra

91 4255 126 4311 in
149 4252 232 4310 Actis
254 4251 423 4311 Academia
445 4251 633 4328 Lynceorum
655 4253 714 4326 III,
744 4274 774 4330 p.
802 4254 860 4311 150
885 4271 949 4328 sqq.
994 4251 1169 4310 Mommsen.
1194 4252 1224 4308 in

90 4355 197 4415 Herm.
221 4353 287 4428 XII,
311 4375 340 4432 p.
366 4356 405 4414 90
429 4373 494 4431 sqq.
520 4383 557 4394 -—
584 4356 655 4415 412.
679 4352 797 4431 ferrem
819 4359 889 4414 cett.
913 4353 999 4412 codd.
1026 4383 1063 4394 -
1094 4355 1155 4412 413
1179 4371 1223 4428 sq.
