2956 5010
558 523 591 578 v.
611 524 755 579 erasm
1159 529 1222 592 553
1283 605 1285 610 λ

88 718 242 790 testiculi,
276 717 389 791 vulva,
424 718 565 796 sincipita
594 721 730 791 verrina,
764 722 799 776 nt
827 721 927 776 temen
949 717 1037 777 Publi
1065 721 1222 778 mimorum

88 826 192 898 poetae
216 837 296 892 cena,
319 825 480 897 postquam
503 821 678 880 servitutem
702 825 835 892 exuerat,
858 821 942 880 nulla
958 826 1140 879 memoratur
1156 823 1222 879 sine

89 921 262 995 abdomine,
286 923 375 982 etiam
396 923 543 982 vocabulo
566 924 691 982 suminis
714 923 751 981 ab
774 942 808 981 eo
831 918 1058 1000 imposito“.-
1079 917 1146 982 Ain
1168 921 1221 982 tu?

88 1027 111 1083 i.
127 1043 153 1084 e.
173 1025 255 1082 itane
277 1022 370 1084 vero?
404 1024 460 1084 Hic
471 1025 740 1104 interpungendum
764 1030 817 1097 est,
840 1045 910 1099 uon,
933 1030 969 1084 ut
989 1025 1079 1102 vulgo
1096 1025 1220 1098 faciunt,

89 1133 167 1204 post
192 1124 313 1199 ,haeo“.
348 1127 485 1186 Ceterum
508 1132 561 1186 aut
582 1121 649 1187 Ain
670 1127 851 1203 bisyllebum
875 1133 921 1187 est
941 1127 1088 1205 producta
1110 1129 1221 1204 priore,

90 1233 148 1288 aut
171 1237 243 1306 post
268 1227 337 1302 „tn“
364 1229 475 1289 hiatur.
518 1229 637 1289 Miller.
660 1234 791 1308 transp.:
819 1230 909 1304 ,haec
933 1226 1059 1290 omnia“.
1083 1259 1125 1270 ·-·
1149 1231 1221 1290 324.

90 1327 250 1406 carnaria,
274 1333 310 1391 of.
330 1332 368 1391 ad
387 1331 471 1408 Gapt.
492 1331 563 1392 909.
577 1361 619 1372 -
634 1332 779 1406 sortasse,
803 1334 823 1392 i.
844 1353 870 1392 e.
889 1332 988 1406 oredo,
1012 1333 1049 1392 cl.
1068 1333 1150 1393 Asin.
1171 1335 1222 1394 37.

89 1433 160 1492 Mil.
182 1435 259 1493 283:
286 1433 407 1506 „Nescis
424 1440 459 1492 tu
482 1431 639 1492 sortasse“.
684 1434 751 1493 Ter.
771 1434 847 1494 Eun.
871 1437 967 1495 1020:
995 1435 1072 1508 „Sed
1094 1438 1125 1494 in
1144 1436 1221 1494 diem

88 1538 182 1603 istuc,
207 1535 364 1608 Parmeno,
387 1543 433 1594 est
454 1535 624 1596 fortasee“..
648 1535 762 1595 Eodem
781 1536 869 1594 modo
887 1535 992 1611 Graeci,
1015 1543 1051 1596 ut
1066 1538 1221 1617 Aristoph.

89 1637 172 1696 Ran.
197 1639 273 1697 224:
308 1639 371 1714 ὑμῖν
392 1640 416 1696 d'
440 1643 506 1704 ἴσως
527 1639 604 1697 οὐδὲν
625 1641 707 1714 μέλει.
752 1639 888 1716 Xenoph.
913 1640 969 1698 An.
993 1640 1030 1713 H,
1057 1644 1084 1712 5,
1110 1643 1159 1700 23.
1184 1641 1221 1700 al.

92 1769 135 1781 -
169 1742 240 1800 325.
273 1735 357 1816 Quae
383 1742 516 1801 refertur
537 1743 575 1800 ad
598 1761 641 1815 ea,
665 1759 732 1819 qnoe
756 1747 968 1800 enumerantur
990 1761 1018 1799 r.
1045 1744 1121 1814 3233
1156 1762 1222 1820 quae

89 1842 294 1916 intercedunt,
312 1845 498 1921 parenthesis
515 1845 613 1903 locum
630 1849 743 1902 tenent.
758 1873 795 1884 -
816 1840 932 1904 scindas
943 1844 1030 1902 Both.
1051 1864 1117 1916 em,
1141 1865 1168 1905 r.
1183 1847 1222 1903 ad

89 1945 205 2023 Amph.
226 1947 296 2006 661.
315 1977 357 1987 -
375 1949 448 2006 327.
473 1943 556 2023 quod
572 1947 659 2004 Both.
673 1967 738 2019 em,
762 1949 781 2004 i.
800 1966 825 2004 e.
845 1945 882 2004 ob
900 1946 988 2022 quod,
1012 1967 1039 2005 v.
1059 1947 1097 2005 sd
1113 1947 1221 2024 Amph.

92 2050 168 2107 902.
216 2049 283 2108 add.
303 2048 392 2107 Most.
412 2051 488 2108 774:
516 2048 620 2122 „Quod
639 2069 687 2108 me
705 2051 837 2122 miseras,
862 2049 967 2107 adfero
984 2069 1071 2108 omne
1088 2053 1222 2126 inpetra-

89 2149 191 2210 tum“.
222 2150 310 2230 Epid.
327 2153 401 2210 132:
425 2151 650 2228 „quodtuteed
662 2147 1084 2210 melittsrnsmissioulabas“.
1114 2151 1221 2211 Pseud.

92 2255 174 2313 277:
200 2253 283 2328 ,hoc
307 2254 388 2329 quod
410 2260 441 2312 te
462 2274 646 2326 reuooamus,
671 2273 781 2330 quaeso
801 2255 931 2312 animum
951 2251 1109 2312 aduerte“.
1143 2254 1223 2312 infra

90 2357 169 2416 456.
213 2355 302 2434 Ερίᾶ.
325 2357 402 2415 452:
434 2363 486 2432 „ut
503 2357 584 2434 quod
602 2356 640 2414 ad
657 2359 686 2415 ts
705 2357 794 2414 uenio
818 2352 998 2432 intelligas“.
1038 2355 1118 2414 Meu.
1144 2357 1221 2415 664:

93 2458 186 2533 „Scin
207 2458 349 2535 quidest,
370 2459 450 2536 quod
470 2455 694 2520 adteuenio“.
725 2459 902 2518 Poenam.
938 2457 1029 2517 Stich.
1047 2459 1121 2517 131:
1149 2457 1223 2530 ,hoo

91 2567 141 2620 est
153 2561 235 2637 quod
246 2560 284 2620 ad
297 2580 349 2618 nos
360 2563 449 2620 uenio
462 2561 602 2638 quodque
615 2582 679 2620 esse
692 2561 792 2620 ambas
805 2567 968 2620 conuentus
980 2556 1081 2622 nolo“.
1094 2591 1136 2600 -
1150 2562 1223 2620 388.

90 2659 377 2740 simillimorum
401 2659 505 2736 dubie,
535 2667 560 2722 si
583 2679 629 2728 me
653 2664 763 2723 audies.
817 2659 908 2723 dabis
931 2664 1000 2723 olim
1024 2663 1222 2722 emendatum.

90 2797 137 2809 —
153 2768 223 2826 331.
248 2760 367 2839 Scir&
390 2763 495 2839 „eum“
510 2766 597 2825 facile
614 2767 743 2841 intelligi
755 2769 867 2844 potuit;
891 2768 990 2825 ironia
1001 2767 1110 2826 subest.
1145 2761 1227 2826 uelle

91 2866 242 2948 qratiam,
267 2869 302 2928 of.
323 2869 394 2928 426.
413 2899 456 2910 ·-
480 2871 550 2928 333.
574 2871 666 2946 atque
683 2866 769 2942 adea,
795 2869 972 2946 etquidem,
996 2871 1032 2928 cf.
1045 2870 1132 2928 Tmo.
1147 2867 1223 2928 356:

95 2971 266 3050 „uapulabo
286 2971 385 3030 hercle
403 2989 458 3046 ego
477 2991 564 3043 nunc,
585 2977 675 3048 atque
696 2972 769 3031 adeo
787 2967 894 3030 male“.
912 2997 954 3012 *-
974 2973 1044 3031 334.
1068 2971 1099 3030 Si
1121 2990 1225 3030 versus

91 3079 215 3149 integer
237 3077 292 3146 est,
315 3074 418 3132 hiatur
439 3079 509 3152 post
535 3072 700 3150 „argenti“.
751 3075 797 3134 Fl.
821 3070 998 3132 maximam“
1024 3073 1080 3146 ed,
1103 3073 1223 3132 Miller.

96 3177 204 3253 „Quod
227 3177 319 3249 tibist,
343 3179 414 3234 item
437 3177 496 3234 sibi
519 3172 612 3234 esse“.
652 3177 714 3234 PH.
738 3178 825 3250 Quid.
860 3175 919 3238 CU.
943 3176 1083 3252 Magnam
1106 3179 1224 3250 argenti

91 3277 259 3356 inopiam“.
293 3309 328 3324 -
363 3281 432 3338 337.
468 3259 632 3339 dedeuisse
654 3278 770 3338 Comen.
800 3300 854 3338 em,
884 3282 1000 3358 aptiore
1027 3278 1129 3337 verbo.
1180 3277 1225 3336 De

92 3382 245 3442 infinitivo
268 3402 295 3440 v.
316 3381 354 3440 ad
373 3381 477 3440 Bacch.
498 3383 569 3440 234.
608 3377 741 3440 militem
763 3382 918 3440 indefinite
941 3381 1146 3459 accipiendum
1169 3386 1223 3454 est,

94 3506 152 3544 neo
186 3491 232 3542 est
266 3484 345 3561 quod
376 3504 439 3542 cum
470 3483 557 3559 Seyff.
587 3483 670 3544 Stud.
700 3505 730 3561 p.
758 3485 794 3543 15
822 3503 940 3542 versum
968 3485 1225 3562 Therapontigoni

93 3607 204 3648 nomen
227 3589 429 3646 continentem
452 3587 597 3646 excidisse
619 3593 766 3665 putemus.
791 3615 830 3626 ·-
862 3589 931 3646 339.
963 3584 1104 3646 dextram
1126 3585 1223 3658 codd,

96 3691 134 3750 ef.
150 3693 226 3762 3073
253 3687 442 3764 „dextersm“
470 3689 566 3762 Both,
590 3711 627 3749 ne
651 3709 753 3749 versus
771 3688 888 3748 diaeresi
909 3694 1025 3760 careat3
1049 3696 1113 3750 tum
1135 3687 1227 3766 repat

97 3789 178 3870 quid
204 3812 258 3871 pro
281 3799 432 3870 anapaesto
462 3793 629 3870 legendum.
658 3823 700 3834 -
735 3793 818 3854 340„
841 3777 964 3850 uenisse
986 3793 1019 3850 B.
1043 3811 1131 3850 mauu
1160 3811 1220 3868 pr.;

96 3916 158 3954 see.
181 3902 216 3954 ut
238 3901 308 3954 cett.
335 3892 542 3969 „aduenisse“.
594 3879 659 3968 Idi,
688 3902 767 3968 tum,
800 3894 836 3952 ef.
861 3893 967 3970 Amph.
992 3895 1063 3953 246.
1086 3923 1128 3934 -
1153 3895 1224 3952 341.

99 3995 284 4074 trapezitam
312 3999 397 4058 codd.
420 3999 468 4057 hio
495 4005 526 4056 et
548 4001 609 4058 406
634 4005 664 4056 et
687 4000 747 4058 708
771 3999 868 4075 prima
890 3995 994 4069 longa,
1025 3996 1077 4053 sed
1100 3997 1226 4055 Romani

97 4104 217 4179 antiqui
238 4104 427 4180 tarpessitam
451 4101 561 4160 dixisse
583 4100 730 4172 videntur,
755 4121 782 4159 v.
802 4100 838 4158 ad
857 4099 943 4176 Oapt.
970 4099 1028 4155 192
1052 4103 1083 4156 et
1106 4099 1224 4171 Proleg.

97 4227 128 4285 p.
150 4207 220 4265 208.
240 4233 281 4244 -
300 4204 369 4263 342.
394 4203 428 4262 ln
446 4195 545 4262 vivide
561 4203 731 4261 narratione
750 4204 899 4260 omittitur
921 4197 1068 4275 „iuquit“,
1092 4203 1126 4257 ut
1146 4219 1225 4277 saepe

96 4311 130 4367 in
152 4309 298 4386 proximis
321 4312 351 4364 et
376 4308 445 4388 396.
469 4337 512 4346 -
536 4307 606 4364 343.
638 4299 731 4381 Quia,
762 4305 848 4381 quasi
869 4303 1068 4382 processisset
1094 4302 1171 4375 „Cur
1193 4301 1225 4360 id

99 4406 249 4488 queris?“
283 4410 318 4468 of.
342 4409 421 4467 infra
445 4410 504 4468 685
530 4415 560 4466 st
583 4414 643 4466 not.
667 4408 705 4466 ad
729 4408 835 4485 Amph.
860 4408 931 4465 788.
957 4435 995 4446 -
1023 4405 1092 4463 344.
1123 4404 1227 4462 Oratio
