2960 5012
280 487 309 546 X
766 484 905 540 Profectio.

281 676 311 732 in
334 675 468 734 versibus
491 677 657 754 pangendis
677 678 798 738 Plautus
821 680 970 740 interdum
994 681 1133 739 liberiore
1156 685 1298 752 uteretur,
1323 683 1397 740 eius-

280 803 338 862 que
361 785 404 842 rei
426 784 562 860 pluribus
584 785 657 844 locis
681 787 815 862 exempla
837 787 1001 847 attulimus.
1055 788 1218 860 Venabula,
1252 808 1317 866 qua
1340 791 1397 867 pri·

281 911 361 952 mum
383 895 538 952 sententia
561 892 658 952 locum
681 894 789 954 habere
809 895 967 970 debebant,
992 896 1141 956 interdurn
1158 899 1299 974 postponi
1316 897 1398 956 vida·

280 1021 359 1078 mue,
385 1001 468 1062 velut
489 1019 652 1076 pronomen
674 1001 952 1080 demonstrativum,
975 1025 1003 1064 v.
1028 1005 1067 1063 ad
1089 1004 1195 1082 Amph.
1222 1006 1296 1078 181,
1324 1003 1395 1079 ,55“
1423 1008 1426 1016 ’

281 1109 505 1180 affirmativum,
528 1129 556 1168 v.
581 1109 619 1168 ad
637 1110 718 1170 Asin.
739 1113 809 1184 875,
836 1109 959 1184 ,immo“
985 1112 1023 1170 ad
1040 1113 1106 1172 Aul.
1125 1113 1201 1185 758,
1228 1108 1338 1186 „heus“
1364 1113 1399 1172 ad

281 1217 387 1276 Bacch.
412 1218 486 1290 995,
522 1223 611 1294 atque
641 1219 730 1278 etiam
764 1219 892 1295 negandi
926 1221 1084 1298 particula,
1119 1239 1146 1279 v.
1171 1219 1208 1280 ad
1235 1220 1303 1280 Aul.
1328 1222 1397 1280 224.

280 1324 360 1396 Quid
383 1329 429 1384 est
450 1326 542 1400 igitur
564 1325 644 1402 quod
668 1347 733 1386 eum
755 1347 896 1404 negemus
920 1329 1028 1388 dixisse
1048 1347 1112 1402 ,me
1130 1347 1199 1386 num
1219 1328 1291 1405 quid
1308 1324 1396 1388 uie?“

282 1431 362 1508 (Aul.
380 1431 451 1508 168)
473 1452 528 1511 pro
555 1455 642 1506 ,num
667 1435 738 1512 quid
760 1456 806 1495 me
824 1433 910 1496 uie?“
938 1441 990 1496 eut
1011 1437 1060 1510 ,‚id
1077 1436 1150 1494 mihi
1169 1433 1252 1495 dice“
1279 1431 1397 1512 (Bacch.

282 1541 356 1618 713)
379 1563 434 1621 pro
460 1541 526 1616 ,‚dic
549 1540 653 1616 mihi“,
677 1549 729 1603 aut
753 1563 804 1619 „re
823 1542 919 1604 mala“
942 1542 1040 1623 (Capi.
1055 1541 1129 1618 203)
1148 1563 1203 1622 pro
1225 1545 1321 1617 ,mala
1338 1541 1398 1616 re“,

280 1657 333 1714 aut
365 1651 532 1727 „extemplo
560 1647 630 1710 ubi“
668 1651 765 1726 (Cura.
796 1649 847 1723 80)
880 1673 934 1731 pro
965 1653 1035 1728 ,‚ubi
1063 1647 1257 1730 extemplo“?
1302 1651 1399 1712 Etiam

280 1762 310 1818 in
333 1760 563 1829 declinationum
585 1760 689 1820 formis
712 1781 772 1820 non
799 1761 873 1820 nihil
901 1763 1052 1834 variatur,
1086 1762 1211 1819 maxime
1238 1762 1270 1819 iu
1291 1779 1400 1837 prono·

280 1867 421 1940 minibus,
452 1868 503 1928 nbi
527 1872 557 1926 et
583 1865 649 1940 „hi“
675 1873 706 1928 et
732 1865 858 1942 ,hisce“,
891 1874 921 1928 et
945 1866 1027 1944 ,ha“
1054 1873 1084 1928 et
1106 1865 1186 1928 haec“
1212 1867 1337 1942 dicitur,
1373 1889 1399 1927 v.

280 1976 422 2036 Schmidt.
446 1995 532 2054 pron.
556 1976 726 2051 demonstr,
756 1983 787 2036 et
812 1973 899 2054 „qui“
927 1983 957 2037 et
982 1972 1098 2054 ,quie“,
1122 1996 1151 2037 v.
1170 1975 1208 2036 ad
1225 1975 1309 2036 Cure.
1330 1978 1399 2047 274,

281 2091 312 2144 et
337 2081 441 2160 ‚‚ibus“
466 2091 497 2144 et
522 2082 606 2156 ,iis“,
630 2105 657 2144 v.
682 2085 720 2144 ad
743 2085 826 2144 (lure.
853 2087 923 2160 508,
953 2089 983 2144 et
1008 2079 1152 2162 „quibus“
1178 2089 1209 2142 et
1233 2081 1349 2160 „quis“,
1374 2104 1400 2142 v.

280 2193 319 2252 ad
342 2193 426 2252 Cure.
453 2195 528 2265 552;
566 2189 656 2266 „eae“
683 2193 782 2254 dativo
805 2213 890 2268 casu,
921 2213 949 2253 v.
972 2192 1037 2252 Mil.
1063 2195 1139 2266 350,
1176 2189 1269 2266 „illi“,
1301 2188 1400 2267 ,‚isti“,

284 2298 406 2374 ,nulli“,
433 2297 520 2374 ,‚u'ni“
547 2302 701 2377 genetivo,
724 2321 752 2360 v.
776 2301 883 2361 Luchs.
909 2321 962 2360 nur
984 2299 1080 2360 Lehre
1103 2320 1162 2360 von
1186 2300 1239 2358 der
1262 2299 1400 2360 Genetiv-

281 2409 405 2486 bildung
427 2411 456 2466 in
480 2407 677 2467 Studamundi
699 2408 781 2468 Stud.
806 2409 844 2468 Π.
896 2409 974 2480 Quid
1002 2427 1225 2468 commemorem
1248 2411 1402 2483 genetivus

281 2519 431 2578 nominum
454 2515 492 2574 IV
516 2516 724 2576 declinationis
747 2521 778 2576 in
801 2519 820 2590 i,
844 2538 871 2576 v.
896 2517 934 2576 ad
956 2517 1024 2578 Aul.
1049 2519 1105 2590 83,
1137 2522 1189 2576 aut
1211 2517 1347 2576 secunda
1371 2519 1400 2574 in

279 2648 323 2701 ue,
346 2648 374 2686 v.
398 2624 435 2684 ad
454 2624 537 2701 Capt.
560 2619 643 2684 8207
666 2627 735 2684 item
759 2627 863 2702 primas
886 2627 916 2684 in
939 2627 967 2684 ai
990 2625 1177 2700 disyllabum,
1201 2624 1265 2684 Mil.
1288 2610 1346 2684 103
1372 2601 1408 2682 et

279 2735 373 2795 sicubi
407 2732 624 2792 restituendum
657 2733 777 2794 videtur
811 2731 852 2807 (v.
881 2735 961 2792 Brix.
991 2733 1029 2792 ad
1057 2733 1189 2792 Trinum.
1217 2729 1305 2805 359),
1342 2752 1401 2808 quo

280 2843 366 2902 facile
394 2840 570 2900 crediderim
600 2843 751 2918 pertinere
785 2843 875 2900 etiam
907 2842 997 2917 „filiai
1025 2837 1167 2918 nuptiis“,
1203 2840 1304 2899 Aulnl.
1330 2843 1400 2900 287.

283 2953 353 3010 364.
380 2952 449 3010 532.
475 2951 552 3018 790,
584 2969 617 3008 ac
640 2951 682 3009 sic
704 2951 846 3028 scriptum
869 2971 933 3009 esse
955 2949 1081 3008 mallem.
1132 2949 1166 3006 In
1194 2949 1293 3046 uerbis
1322 2949 1401 3008 vide·

280 3079 345 3118 mus
363 3063 394 3116 et
415 3053 528 3130 „edim“
551 3056 610 3115 dici
630 3063 661 3116 et
681 3055 815 3133 „edam“,
841 3063 871 3116 et
894 3055 979 3131 ,(151α
1003 3063 1033 3116 51
1054 3053 1167 3130 ,‚duit“,
1192 3062 1222 3116 et
1237 3053 1399 3134 „perdant“

282 3173 313 3226 et
339 3160 529 3244 ,perduint“,
553 3185 587 3224 ac
608 3165 734 3225 fortasse
757 3168 847 3226 etiam
872 3163 983 3241 „duas“
1009 3185 1063 3243 pro
1090 3160 1193 3240 „duis“
1221 3165 1300 3238 (Aul.
1316 3163 1401 3238 231),

180 3335 182 3338 .
279 3294 457 3353 quamquam
486 3273 541 3332 hoc
569 3281 693 3353 propter
720 3275 838 3334 errandi
867 3276 1041 3334 facilitatem
1070 3273 1190 3332 dubium
1214 3279 1269 3332 est.
1326 3273 1402 3345 Quid

280 3390 378 3442 autem
407 3383 593 3458 frequentius
622 3389 675 3456 est,
705 3403 793 3459 quam
821 3384 899 3442 idern
922 3382 1045 3442 verbum
1068 3383 1165 3442 activa
1188 3387 1218 3440 et
1241 3381 1403 3459 deponenti

279 3492 376 3550 forma
397 3489 547 3550 inveniri?
577 3511 604 3551 v.
629 3491 666 3549 ad
689 3491 797 3568 Amph.
822 3494 893 3552 817.
938 3493 1021 3550 Asin.
1046 3491 1106 3550 269
1130 3489 1193 3550 ab?
1227 3511 1264 3548 ne
1287 3491 1402 3548 mireris

279 3600 418 3658 Plautum
448 3604 478 3657 et
504 3596 681 3671 ,miserere“
707 3603 738 3657 et
762 3594 934 3673 ,‚misereri“
959 3599 1073 3674 dicere,
1108 3619 1135 3658 v.
1159 3598 1198 3658 ad
1220 3598 1304 3674 Cspt.
1331 3601 1401 3658 759.

365 3707 464 3766 Etiam
487 3708 518 3765 in
539 3707 761 3784 pronuntiando
784 3705 928 3768 nonnulla
944 3708 1108 3768 variantur.
1148 3704 1261 3779 „Quoi“
1285 3713 1315 3764 et
1337 3705 1399 3780 ,‚ei“

282 3819 343 3874 tam
366 3815 571 3891 monosyllaba
594 3837 682 3892 quam
705 3815 866 3892 dissyllaba
889 3821 971 3890 sunt,
1004 3811 1115 3891 ,‚diei“,
1146 3810 1264 3888 „fidei“,
1294 3817 1403 3874 similia

281 3929 340 3982 tam
364 3923 511 3999 disyllaba
533 3944 621 4001 quam
650 3925 820 4001 trisyllaba,
850 3945 878 3984 v.
901 3924 980 3984 Prol.
1003 3945 1033 4002 p.
1059 3925 1129 3982 216.
1181 3921 1290 3980 Versus
1314 3943 1404 3982 causa

281 4031 346 4090 fieri
369 4036 470 4108 potest
492 4037 526 4090 ut
547 4031 638 4108 longa
660 4032 775 4108 syllaba
798 4033 984 4109 corripiatur,
1009 4031 1107 4090 brevis
1129 4029 1321 4110 producatur.
1368 4033 1403 4090 Iu

281 4139 501 4217 Prolegomanis
520 4143 598 4199 enim
618 4140 814 4214 ostendimus,
838 4141 1007 4200 nouaclum
1026 4141 1182 4217 positionis
1205 4139 1298 4215 legem
1323 4159 1403 4218 saepe

281 4249 393 4323 negligi
433 4255 463 4307 et
492 4249 620 4307 iambica
654 4226 799 4308 vocabula
832 4251 1028 4327 posteriorem
1063 4247 1208 4324 syllabam
1242 4249 1402 4324 corripere,

281 4355 333 4414 sed
368 4358 456 4414 etiam
490 4356 562 4414 alibi
592 4377 696 4434 parum
727 4364 836 4416 certam
866 4377 928 4416 asse
955 4375 1122 4415 mensuram
1151 4355 1276 4429 vocalis,
1307 4362 1341 4413 ut
1372 4360 1404 4416 in
