2916 5006
240 485 303 547 432
719 475 881 531 Bacchides.

1005 573 1018 604 N

241 674 317 734 mals
339 673 446 732 dicere.
463 701 507 714 -
524 673 594 732 907.
624 662 748 731 Cliniae
765 673 796 728 et
815 663 996 730 Demetrius
1014 687 1150 747 personas
1170 687 1232 727 ease
1253 668 1357 727 fabule

240 777 381 836 videntur
403 773 539 834 omnibns
561 779 649 833 note.

327 881 398 938 908.
431 877 509 936 Dum
532 875 690 950 Chrysalus
717 875 933 934 Mnesilochum
962 875 1116 948 convenit,
1146 893 1236 934 senex
1264 893 1357 932 secum

241 981 277 1040 de
300 999 334 1039 co
357 981 500 1057 loquitur.
535 978 607 1038 Cum
630 973 715 1054 lippo
739 973 824 1038 oculo
848 997 914 1036 eum
937 982 1100 1053 comparat,
1125 997 1212 1054 quem
1235 979 1358 1054 quinon

240 1083 346 1155 habet,
380 1103 441 1142 non
470 1080 636 1152 desiderat,
671 1081 723 1156 qui
749 1079 855 1152 habet,
889 1085 1057 1156 temperare
1085 1099 1145 1137 non
1167 1087 1270 1157 potest
1292 1083 1359 1156 quin

243 1205 360 1262 semper
381 1189 496 1261 tangat,
520 1183 556 1242 61.
577 1181 657 1240 Pers.
678 1184 715 1241 10
734 1201 794 1258 sq.:
821 1181 904 1256 „Ego
921 1201 975 1239 nee
991 1179 1129 1240 lubenter
1146 1184 1247 1240 seruio
1269 1201 1359 1258 neque

242 1291 314 1346 satis
344 1306 407 1344 sum
437 1304 487 1344 ero
515 1304 551 1342 ex
579 1285 747 1357 sententia;
793 1283 851 1342 Sed
881 1284 965 1360 quasi
995 1284 1079 1360 lippo
1109 1285 1195 1344 oculo
1223 1303 1268 1341 me
1296 1303 1359 1341 erus

242 1408 324 1448 meus
346 1407 466 1446 manum
496 1387 644 1446 abstinere
675 1387 756 1446 haud
779 1387 845 1464 quit
866 1391 980 1458 tamen,
1011 1386 1089 1458 Quin
1116 1387 1190 1446 mihi
1218 1382 1357 1464 inperet“.

242 1489 405 1550 Nicobulus
427 1509 458 1548 se
487 1509 619 1567 quoque,
655 1490 789 1566 quamvis
811 1507 902 1564 opera
924 1487 1061 1564 Chrysali
1083 1509 1155 1548 usus
1177 1491 1232 1562 sit,
1266 1495 1360 1546 tamen

242 1593 297 1651 tali
319 1611 406 1652 servo
429 1611 530 1650 carere
552 1591 640 1650 malle
664 1610 723 1650 non
745 1595 843 1665 negat.
862 1619 905 1632 -
926 1585 992 1649 illic
1013 1591 1113 1650 hiatus
1135 1591 1253 1649 vitandi
1275 1610 1358 1650 causa

242 1695 313 1752 olim
336 1693 531 1754 emendatum.
549 1722 592 1734 -
615 1695 686 1753 909.
710 1687 802 1766 nolis,
825 1713 852 1751 v.
871 1693 971 1752 Madv.
990 1691 1040 1752 Gr.
1059 1693 1125 1752 Lat.
1146 1686 1207 1753 35'0
1226 1693 1245 1751 b
1263 1699 1319 1750 not.
1334 1694 1357 1750 l.

139 1805 159 1836 ·-
242 1826 285 1836 -
315 1797 385 1855 911.
413 1789 494 1870 forte
515 1789 659 1870 fortuna,
694 1797 730 1854 61.
754 1795 823 1854 Ter.
852 1795 928 1854 Eun.
962 1797 1030 1854 134.
1064 1797 1134 1855 568.
1164 1825 1207 1836 -
1238 1797 1296 1854 915
1318 1813 1358 1871 sq.

242 1914 306 1958 1166
329 1943 336 1958 .
356 1944 362 1956 .
385 1943 391 1956 .
418 1894 525 1972 etiam,
555 1897 687 1956 nondum
709 1903 819 1956 tamen.
844 1925 886 1938 -
916 1898 987 1956 918.
1010 1893 1082 1971 baa,
1112 1898 1244 1956 tabellas
1266 1919 1283 1956 a
1303 1895 1359 1954 filio

243 2001 342 2074 datas;
366 2001 411 2060 his
435 2001 552 2059 demum
575 1999 685 2059 credet.
720 1991 954 2078 6166161651.
989 1999 1054 2059 1166
1075 2004 1110 2059 61
1131 1999 1232 2072 166161,
1257 1999 1359 2076 paulis

242 2124 297 2181 per
314 2103 432 2162 domum
450 2121 533 2160 suam
551 2101 748 2161 66666111-
771 2103 842 2162 929.
867 2098 1073 2178 consignatis,
1097 2104 1182 2178 signo
1203 2103 1360 2160 61666166

243 2205 401 2266 scribentis
424 2205 555 2278 munitis,
579 2210 614 2263 61
636 2209 762 2281 apparet
784 2223 820 2262 ex
841 2223 869 2262 v.
894 2206 965 2264 930.

330 2309 400 2366 920.
436 2306 595 2382 Chrysalus
617 2311 776 2383 postquem
799 2307 899 2381 omnia
920 2306 993 2366 hero
1021 2308 1169 2379 narravit,
1206 2308 1361 2365 revertitur

243 2409 345 2486 gaudii
374 2410 481 2486 plenus
509 2413 540 2466 61
567 2413 692 2485 propter
719 2429 768 2480 ea,
804 2428 870 2486 qum
897 2409 956 2467 iam
986 2409 1099 2481 effecit,
1141 2415 1174 2467 61
1201 2429 1255 2486 spe
1283 2409 1362 2484 plura

245 2510 413 2583 auferendi,
449 2510 641 2586 iambicisqus
681 2511 841 2570 octonariis
876 2516 906 2569 et
940 2531 1022 2569 suam
1050 2513 1192 2570 virtutem
1225 2511 1363 2588 praedicat

246 2617 277 2670 et
304 2614 382 2670 senis
411 2611 606 2670 stoliditatem
635 2611 722 2672 ridet.
779 2612 860 2671 InB
888 2614 997 2672 titulus
1028 2619 1058 2672 et
1087 2615 1150 2672 eius
1179 2617 1211 2670 61
1232 2611 1363 2670 Nicobuli

245 2734 354 2774 nomen
376 2713 467 2772 habet
489 2719 607 2772 etcum
630 2715 686 2774 hoc
709 2715 868 2790 soliloquio
887 2717 1055 2791 proximum
1074 2715 1255 2792 colloquium
1274 2715 1363 2788 iungi·

245 2823 304 2888 tur,
328 2822 362 2874 ut
386 2819 462 2890 5713
491 2835 545 2876 nos
574 2837 640 2876 cum
663 2817 826 2876 Bitschelio
857 2816 930 2874 duas
954 2837 1056 2876 scenas
1079 2817 1177 2875 facere
1199 2817 1362 2876 maluimus.

246 2919 354 2978 Servus
371 2921 499 2978 maiores
516 2939 564 2977 res
581 2939 612 2978 ss
634 2921 761 2994 gessisse
785 2919 933 2993 glorietur
955 2939 1043 2995 quam
1066 2920 1316 2996 Agamemnonem
1338 2923 1364 2975 61

246 3021 415 3080 Menelaum
438 3020 529 3079 Troia
552 3027 653 3098 capta,
684 3023 821 3099 senisque
845 3022 1041 3080 calamitatem
1066 3023 1150 3098 quasi
1174 3022 1272 3080 Troiae
1295 3021 1363 3080 exci-

247 3123 328 3183 dium
352 3123 477 3182 ridicula
499 3125 587 3182 nenia
610 3123 750 3201 deplorat
772 3130 939 3182 accuratam
963 3125 1041 3182 senis
1064 3124 1181 3200 decepti
1199 3143 1265 3182 cum
1284 3123 1365 3182 Trois

247 3247 351 3286 eversa
367 3227 616 3303 comparationem
640 3227 807 3286 instituens.
848 3221 990 3299 Alcidae,
1008 3225 1136 3302 Pyladea
1156 3245 1213 3284 cm.
1234 3255 1276 3266 -
1300 3227 1363 3282 etl.

248 3324 357 3388 1116166
372 3323 541 3388 moenitum
554 3343 658 3400 manu,
676 3328 810 3406 Neptuni
827 3333 857 3386 et
874 3327 1030 3404 Apollinis,
1049 3349 1077 3386 v.
1097 3327 1184 3387 Iliad.
1203 3332 1233 3401 7,
1247 3328 1317 3386 452.
1328 3355 1365 3366 -

248 3433 320 3490 923.
359 3423 435 3490 Gum
464 3425 551 3490 mille
572 3432 745 3507 transposui
766 3449 870 3489 versus
887 3450 991 3503 oausa3
1014 3429 1094 3488 idem
1112 3431 1237 3507 antiqno
1256 3428 1364 3489 cuidam

249 3531 360 3590 editori
377 3534 407 3590 in
425 3537 553 3592 mentem
570 3535 668 3606 venit5
691 3537 738 3592 661
756 3537 868 3591 autem:
896 3553 980 3605 „cum
991 3552 1113 3591 numero
1126 3532 1208 3590 mille
1220 3527 1363 3590 nauium‘.

249 3633 396 3692 Camerar.
413 3632 602 3708 „Millenum“
628 3633 773 3694 vocabulo
791 3633 949 3692 admodum
968 3634 1072 3707 dubio;
1097 3633 1131 3694 R.
1150 3633 1195 3693 Fl.
1210 3635 1364 3693 Beckerun

249 3737 355 3795 secuti:
383 3737 441 3810 „Et
453 3734 565 3796 mille“.
584 3767 627 3778 -
652 3737 723 3796 924.
747 3735 895 3796 temeto
913 3735 1071 3812 legendum
1089 3755 1153 3795 esse
1173 3743 1204 3794 61
1223 3737 1274 3794 alii
1285 3733 1364 3792 intel·

248 3841 386 3898 laxarunt
398 3845 428 3898 et
439 3839 602 3898 Lambinus
614 3860 650 3898 ex
661 3838 761 3912 Festo,
780 3857 810 3914 p.
826 3840 901 3897 363:
929 3839 1138 3910 „Termeutum
1155 3858 1212 3914 pro
1231 3857 1275 3910 66,
1294 3833 1363 3913 quod

248 3963 327 4002 nunc
346 3942 454 4002 dieitur
473 3943 698 4014 detrimentum
717 3941 812 3999 utitur
830 3939 953 3998 Plautus
969 3941 1000 3998 in
1018 3937 1248 4000 Bacchidibus“.
1289 3937 1362 3996 Deri-

248 4045 378 4104 vandum
389 4045 653 4121 igituraterendo.
689 4043 748 4101 Pro
763 4047 904 4120 corrupto
920 4037 1057 4118 pedibus
1075 4041 1121 4102 ed.
1141 4061 1187 4119 pr.
1207 4039 1361 4118 adoptarit

249 4147 329 4224 quod
350 4149 381 4206 in
405 4148 488 4207 codd.
512 4147 746 4224 suprascriptum
769 4151 822 4218 661,
851 4142 1015 4219 „Pelides“‚
1045 4144 1147 4222 idque
1166 4145 1256 4220 vulgo
1280 4139 1363 4200 secuti

250 4255 329 4323 sunt,
348 4251 482 4326 quamvis
495 4255 525 4307 61
535 4252 666 4308 numeris
683 4247 852 4322 refragetur
870 4253 901 4305 61
916 4247 1057 4322 historie,
1079 4267 1133 4306 nso
1151 4249 1231 4305 enim
1243 4241 1361 4304 Achilles

250 4349 371 4422 Troiam
399 4352 590 4428 expugnavit.
647 4351 870 4426 Kampmannus
895 4347 1017 4426 „peius“
1050 4349 1192 4421 coniecit,
1228 4344 1307 4425 qnod
1325 4345 1362 4401 ite
