2922 5006
588 504 728 559 Curculio.
1159 514 1221 576 223

520 694 795 762 Phaedromus

1008 806 1109 888 Anus,
1133 806 1220 872 audi.

93 911 161 976 Hoc
184 912 261 978 uolo
286 914 369 980 seire
391 919 440 979 te:
464 912 612 998 perditus
637 935 709 978 sum
731 915 839 978 miser.

578 1061 743 1126 Leaena

704 1169 748 1234 At
770 1169 826 1254 pol
849 1189 909 1253 ego
931 1170 1052 1254 oppido
1076 1177 1220 1238 seruata.

89 1276 153 1342 Sed
177 1278 258 1361 quid
282 1285 340 1358 est,
364 1277 452 1360 quod
475 1277 568 1343 lubet
592 1277 757 1362 perditum
780 1278 888 1344 dicere
1172 1297 1221 1351 135

90 1385 135 1450 Te
159 1387 257 1452 esse?

435 1483 439 1492 ’
515 1492 799 1560 Phaedromus

248 1601 333 1680 Quia
355 1622 409 1684 epo
431 1603 466 1667 id
489 1602 579 1687 quod
601 1623 674 1668 amo
699 1623 806 1669 oareo.

577 1745 734 1810 Leaena

590 1851 795 1919 Phaedrome
820 1855 873 1934 mi,
896 1876 938 1920 ne
962 1853 1065 1938 plora,
1089 1854 1218 1922 amabo.

87 1959 136 2026 Tu
153 1982 207 2026 me
226 1967 350 2040 curato,
363 1981 404 2027 ne
416 1963 544 2042 sitiam3
568 1981 627 2044 ego
651 1961 722 2040 tibi,
747 1963 835 2046 quod
858 1983 962 2043 amas,
984 1963 1050 2028 iam
1073 1961 1138 2027 huo
1160 1963 1220 2028 ad·

813 2070 941 2135 ducam.

360 2263 362 2270 ,
517 2193 792 2260 Phaedromus

86 2303 225 2370 Tibine
249 2324 319 2387 ego,
344 2303 372 2368 si
395 2301 492 2368 fidem
516 2323 629 2368 seruas
652 2325 789 2384 meoum,

85 2412 227 2478 [ineam
251 2433 311 2496 pro
335 2433 436 2478 aurea
458 2416 570 2476 statua
593 2417 749 2490 statuam,

86 2520 179 2598 Quae
204 2529 263 2585 tuo
286 2519 413 2604 gutturi
436 2521 480 2585 sit
503 2528 758 2585 monumentum.
781 2555 824 2566 —
1169 2539 1218 2592 140

84 2629 148 2706 Qui
173 2651 225 2694 me
249 2630 282 2694 in
305 2635 394 2694 terra
417 2649 519 2710 aeque
542 2628 731 2694 fortunatus
755 2631 827 2700 erit,
856 2630 884 2694 si
905 2628 963 2694 illa
985 2628 1028 2692 ad
1051 2649 1101 2693 me
1124 2627 1217 2710 bitet,

84 2737 266 2804 Palinure?
295 2773 297 2776 ·

540 2843 765 2910 Palinurus

223 2953 350 3038 Edepol
371 2953 427 3036 qui
451 2959 548 3032 amat,
572 2954 597 3018 si
623 2961 705 3035 eget,
729 2955 850 3018 misera
872 2951 1026 3019 adficitur
1048 2973 1216 3018 aerumna.

517 3094 791 3160 Phaedromus

83 3204 158 3270 Non
181 3205 230 3270 ita
253 3225 306 3270 res
330 3211 394 3285 est3
417 3224 494 3269 nam
516 3202 643 3270 oonfido
668 3204 850 3287 parasitum
873 3202 970 3269 hodie
993 3203 1215 3270 aduenturum

85 3313 168 3378 Cum
192 3318 330 3396 argento
355 3311 398 3377 ad
420 3333 481 3377 me.

541 3442 762 3512 Palinurus

236 3549 392 3634 Magnum
415 3551 574 3636 inceptas,
599 3553 627 3616 si
650 3551 684 3616 id
707 3556 871 3636 expectas,
896 3549 984 3635 quod
1006 3556 1213 3634 nusquamst.

514 3693 794 3761 Phaedromus

84 3801 183 3882 Quid,
212 3801 241 3868 si
265 3801 383 3868 adeam
406 3799 552 3868 adforis
575 3807 673 3884 atque
697 3801 887 3868 occentem?

540 3944 760 4011 Palinurus

495 4051 529 4118 Si
551 4052 653 4131 lubet,
678 4075 782 4137 neque
806 4058 882 4118 ueto
906 4071 1014 4136 neque
1036 4049 1144 4130 iubeo,
1165 4067 1214 4120 145

80 4205 272 4214 --.-...--.-.-
294 4211 304 4216 -

155 4309 204 4362 135
223 4305 291 4376 quid
310 4307 389 4360 lubet
426 4308 474 4361 136
493 4325 546 4377 ego
562 4323 612 4362 om.
650 4307 985 4362 Phaedrome...anrabo
990 4307 1105 4375 proprio
1113 4321 1207 4360 aerea.

84 4395 134 4447 137
152 4392 285 4448 nesiciam
341 4395 389 4449 138
406 4399 433 4448 et
449 4395 482 4448 39
499 4409 555 4448 uno
572 4409 661 4447 uersu
730 4395 777 4447 142
796 4403 870 4447 emat
923 4393 972 4447 145
990 4391 1071 4460 Quod
