2916 5006
550 538 581 593 V·
600 541 744 595 Aeo-497.
1148 543 1210 603 409

77 734 132 793 sed
156 734 194 792 R.
219 732 429 792 animadvertit
457 735 545 792 etiam
574 735 605 792 iu
627 735 653 793 A
676 718 794 794 versun
824 735 861 794 oh
884 733 917 793 M
939 734 1044 794 littere
1065 735 1209 811 incipere.

75 837 219 896 Miller:
257 835 397 910 „Manum
425 835 463 894 ad
490 837 619 914 papillae
647 833 794 898 adierat“.
820 867 856 879 -·
883 838 954 898 480.
993 831 1077 913 Quid
1104 831 1211 895 uerbis

77 933 201 1015 opust?
233 939 302 998 Htec
324 937 487 998 Ritechelio
518 959 554 997 ex
581 959 609 998 v.
634 941 694 1000 483
724 942 882 1019 irrepsisse
910 939 1089 998 videbuntur
1118 943 1209 1014 atque

75 1041 164 1102 aliud
189 1041 262 1118 quid
284 1041 349 1099 loco
371 1043 512 1115 movisse,
542 1042 624 1100 velut
654 1061 768 1119 „neque
798 1041 911 1122 pudere
941 1044 1099 1120 quicquam
1121 1041 1209 1100 fectis

74 1142 251 1224 prodidit¹‘.
295 1143 338 1202 Ac
367 1163 436 1201 eane
463 1145 604 1220 repetitio
633 1145 739 1204 horum
766 1147 924 1205 verborum
956 1144 1150 1204 additamenti
1178 1147 1210 1202 et

74 1248 324 1306 rectractationis
358 1246 499 1305 indicium
532 1246 661 1306 videtur.
718 1247 803 1320 Quod
837 1249 863 1306 s'i
892 1243 1013 1323 pudere
1045 1243 1209 1306 infinitivus

74 1351 246 1409 historicus
269 1351 301 1406 in
318 1349 523 1407 enuntiatione
540 1349 715 1408 secundaria
733 1355 764 1408 et
782 1351 845 1408 eine
863 1350 998 1409 subiecto
1016 1349 1088 1408 ferri
1105 1349 1208 1425 possit,

76 1455 205 1532 spurios
227 1451 350 1510 habeam
372 1470 430 1510 vss.
454 1451 617 1523 Aee-853
641 1453 666 1508 si
689 1471 747 1510 non
770 1455 874 1529 possit,
899 1471 957 1512 ves.
982 1453 1128 1512 leo—82
1151 1471 1211 1510 una

75 1576 148 1615 cum
167 1554 240 1614 464.
274 1553 349 1612 Nam
368 1553 415 1612 hic
435 1553 555 1630 quidem
574 1558 604 1611 et
621 1555 740 1632 ineptus
758 1555 923 1614 etvitioeus
942 1559 995 1614 est.
1037 1549 1077 1616 Ul
1099 1551 1212 1630 opinor

75 1659 164 1717 enim
195 1677 255 1716 non
285 1657 380 1715 solum
409 1657 539 1714 numeris
574 1665 737 1734 repugnat,
773 1677 833 1734 que
861 1657 897 1714 de
926 1677 1014 1716 cause
1042 1662 1072 1715 et
1099 1658 1150 1715 ulii
1180 1663 1211 1716 et

75 1759 242 1839 Spengel,
265 1757 363 1817 Plaut.
390 1760 428 1816 64
456 1754 582 1834 ,opino“
608 1760 752 1832 scribunt,
788 1759 840 1818 sed
872 1760 961 1818 etism
989 1761 1145 1818 sententiae
1180 1765 1211 1818 et

75 1861 227 1923 orationi.
261 1861 348 1920 Both.
367 1860 559 1937 expectabat:
586 1863 666 1936 ,Aut
683 1864 837 1940 inopinato
855 1859 1072 1939 inspectandi“,
1096 1862 1209 1922 Ritsch.

78 1959 170 2037 ,illi“
193 1963 349 2024 substituit
371 1968 409 2035 et,
434 1983 525 2040 quum
548 1983 649 2022 vocem
676 1961 817 2042 „opinor“
844 1985 913 2023 cusu
936 1965 1102 2040 eproximo
1122 1985 1211 2024 versu

75 2071 232 2126 invectam
251 2071 382 2143 putaret,
406 2065 447 2123 ibi
467 2067 581 2124 omissis
608 2086 713 2142 ,quern
739 2065 876 2124 deceret“
896 2067 1032 2143 reposuit
1053 2063 1208 2144 ,opinor“.

75 2201 121 2212 —
148 2170 222 2228 481.
246 2168 354 2226 Versus
377 2189 465 2226 eausa
481 2168 516 2227 R.
538 2165 671 2242 „huice“.
706 2167 824 2226 Miiller.
850 2166 956 2240 ,snus“
980 2169 1048 2228 add.
1071 2199 1113 2209 -
1137 2171 1208 2229 485.

75 2285 231 2350 aequom,
254 2276 289 2329 ut
315 2269 471 2348 ,dignum“
499 2291 563 2330 cum
587 2271 716 2329 ablativo
738 2273 872 2330 iunctum
895 2291 955 2330 uno
977 2275 1122 2350 praeterea
1144 2273 1210 2331 loco
1263 2299 1268 2308 ·

76 2376 252 2446 invenitur,
287 2373 364 2451 prol.
394 2373 471 2433 Rud.
502 2375 557 2432 47:
595 2379 647 2447 „ut
674 2391 705 2432 se
734 2393 859 2450 aequom
894 2371 967 2433 cst.“
1002 2403 1038 2414 -
1069 2376 1140 2435 486.
1174 2375 1212 2435 ut

75 2476 215 2554 Pylades
238 2475 362 2536 addidit.
381 2505 424 2515 -
449 2479 520 2535 487.
544 2471 655 2551 eapitis
670 2473 814 2550 perdam,
839 2497 866 2534 v.
885 2477 968 2536 Asin.
989 2478 1058 2536 131.
1079 2507 1115 2517 —
1137 2479 1208 2539 Aee.

77 2575 196 2642 Satine
216 2579 279 2637 fere
300 2599 356 2657 pro
379 2599 476 2637 nonne
498 2580 578 2656 poni,
602 2579 730 2638 vidimus
753 2579 791 2638 ed
807 2579 914 2656 Amph.
935 2581 1006 2640 627.
1040 2580 1098 2640 Sed
1115 2583 1208 2641 inter·

78 2685 155 2742 dum
179 2680 302 2740 additur
325 2683 413 2740 etium
430 2681 466 2740 ul
482 2683 696 2759 interrogantis
714 2687 766 2740 eut
784 2683 964 2756 exclametis,
988 2705 1015 2742 v.
1036 2683 1115 2742 Men.
1138 2685 1207 2744 179.

77 2786 149 2846 Mil.
179 2785 268 2843 1127.
312 2783 404 2843 Mero.
429 2785 500 2842 472.
545 2783 627 2842 Pers.
653 2787 727 2843 657:
751 2813 794 2826 —-
827 2785 890 2855 Quo
918 2785 1068 2844 faciliores
1102 2783 1209 2844 fierent

78 2887 217 2959 numeri,
246 2885 297 2944 R.:
341 2885 442 2959 ,Satin
470 2891 504 2944 ut
533 2905 619 2963 quem
648 2887 758 2944 habeas
791 2887 846 2944 tibi
880 2883 1026 2946 fidelem“.
1072 2887 1207 2946 Mellae:

84 2990 193 3065 ,Satin
215 2993 249 3046 ut
271 3007 357 3065 quem
380 2987 490 3047 habeus
512 2989 569 3046 tihi
591 2985 710 3046 fidelem
734 2995 785 3046 eut
809 2991 879 3066 quoi
897 2995 930 3047 tu
949 2989 1061 3062 credes,
1085 2991 1208 3048 nescias.

80 3123 128 3135 -
152 3093 226 3151 189.
250 3091 322 3149 Post
343 3091 473 3168 qualum
495 3089 596 3149 hiatus
619 3093 648 3149 in
672 3091 802 3165 diaeresi3
825 3091 912 3150 Both.
937 3097 1005 3150 cett.
1033 3111 1116 3164 ,esse
1138 3109 1210 3164 gna·

80 3191 182 3267 tum“,
206 3193 340 3252 Mulier:
367 3199 505 3270 „gnatum
524 3199 585 3251 tum
604 3191 699 3251 esee“.
720 3223 757 3234 -
783 3195 854 3252 491.
880 3194 976 3252 lecum
994 3207 1057 3268 or0,
1080 3213 1107 3252 v.
1126 3193 1208 3253 Asin.

82 3301 158 3357 655.
188 3327 216 3337 -
238 3297 309 3355 492.
333 3294 475 3353 Voculam
498 3295 627 3371 aliquem
651 3296 804 3368 excidisse,
829 3297 943 3353 numeri
967 3295 1138 3354 ostendunt.
1157 3295 1208 3356 R.:

86 3405 138 3472 „et
161 3399 203 3456 mi
226 3404 323 3457 autem
346 3395 475 3469 filiam“;
499 3400 594 3474 poesie
617 3401 706 3457 etiarn
734 3395 828 3470 ,unu“
850 3397 968 3456 addere.
989 3425 1026 3436 -
1046 3397 1117 3456 493.
1141 3396 1210 3455 Am-

81 3501 220 3560 brosiani
252 3501 429 3578 scripturam
460 3520 494 3557 ex
523 3499 666 3579 Geppert.
696 3499 780 3560 Stud.
808 3501 851 3573 II,
885 3519 914 3577 p.
947 3501 984 3558 33
1015 3499 1211 3558 indicavimus

83 3602 217 3676 (incuria
237 3597 457 3680 „relinqueree“
477 3621 532 3679 pro
555 3602 752 3680 ,reliqueres“
776 3623 946 3680 expressum
971 3599 1037 3676 est.)
1061 3603 1102 3660 R:
1129 3601 1212 3676 „Me-

79 3707 143 3765 lius
167 3705 260 3763 multo
282 3725 329 3764 me
352 3723 470 3782 quoque
494 3725 552 3763 una
579 3706 626 3764 hic
650 3726 714 3764 cum
736 3707 788 3764 illo
817 3702 1031 3783 relinqueres“,
1061 3705 1131 3762 item
1155 3705 1211 3779 Fl,

81 3810 143 3868 nisi
169 3807 263 3885 quod:
296 3827 379 3882 „curn
402 3808 470 3865 illoc
493 3803 576 3880 hic“;
611 3808 669 3866 aliu
692 3807 809 3866 Mdller.
835 3827 864 3883 p.
885 3811 954 3867 251.
976 3837 1012 3848 -
1041 3807 1111 3866 494.
1135 3807 1213 3865 Dedi

76 3910 169 3988 quod
197 3911 224 3968 A
251 3909 381 3969 uoluisse
410 3909 528 3967 videtur
558 3901 980 3984 (ADFATIMMNESILOCE
1000 3955 1007 3968 .
1025 3909 1073 3967 TC
1092 3955 1098 3967 .
1119 3956 1125 3968 .
1146 3955 1152 3968 .
1171 3909 1212 3966 AI

82 4009 234 4084 Bitsch.);
270 4012 321 4071 R.:
354 4011 504 4084 „Adfatim
529 4011 713 4070 Mnesiloche
744 4010 890 4072 curnest“.
921 4013 1025 4086 vulgo:
1064 4011 1212 4084 ,Adfatim

83 4121 142 4188 eet,
167 4114 364 4173 Mnesiloche:
395 4133 465 4172 cura
488 4119 517 4171 et
539 4111 737 4191 concastiga“.
760 4145 803 4154 —
831 4117 903 4173 495.
935 4110 1109 4190 amicosque
1131 4111 1211 4172 Cam.

83 4239 161 4290 em.;
193 4215 228 4276 R.
252 4217 313 4276 1³1.:
352 4235 431 4290 ,me,
460 4220 491 4274 te
514 4218 653 4289 amicum,
689 4223 779 4294 atque
802 4214 905 4276 alios“.
934 4245 978 4256 -
1000 4215 1072 4273 497.
1106 4229 1161 4290 eqo
1183 4219 1213 4271 et

82 4317 207 4397 inpono
229 4319 264 4377 A.
