2928 5010
737 1371 980 1440 PARASITUS.

301 1531 461 1599 Inuentus
482 1552 600 1599 nomen
622 1529 743 1597 indidit
765 1527 881 1594 Scorto
904 1525 985 1594 milu'

300 1639 360 1721 Eo,
383 1641 463 1724 quia
483 1641 655 1708 iuuoeatus
677 1636 767 1704 soleo
790 1656 859 1702 esse
883 1635 1102 1702 in-eonuiuio.

302 1744 377 1813 Seio
399 1747 543 1815 absurde
567 1749 692 1814 dietum
713 1745 778 1812 hoe
800 1745 964 1811 derisores
987 1743 1106 1824 dicere,

300 1855 344 1920 At
367 1876 427 1940 ego
449 1857 503 1924 aio
526 1862 626 1922 reete.
668 1853 754 1919 Nam
775 1857 921 1919 scortum
943 1853 977 1918 in
1000 1854 1151 1920 conuiuio

300 1961 370 2029 Sibi
393 1969 530 2046 amator,
552 1963 640 2030 tales
663 1981 761 2045 quom
783 1961 872 2042 iacit,
894 1981 986 2026 saum
1007 1961 1150 2026 inuocat.

299 2070 401 2138 Estne
423 2073 612 2140 inuocatum
636 2091 680 2136 an
701 2071 789 2137 non?
832 2069 895 2135 Eat
915 2067 1123 2154 planissume.

299 2177 424 2245 Uerum
445 2179 555 2248 hercle
577 2201 657 2246 uero
680 2199 741 2244 nos
763 2178 902 2262 parasiti
923 2177 1064 2262 planius,

300 2286 389 2364 Quos
410 2309 589 2375 numquam
612 2289 786 2372 quisquam
808 2307 916 2370 nequa
938 2293 1037 2382 upeat
1059 2307 1166 2372 neque
1187 2287 1335 2368 inuocat3

301 2393 404 2473 Quasi
424 2417 533 2464 mures
556 2417 684 2482 semper
705 2394 832 2460 edimus
855 2393 999 2460 alienum
1022 2393 1139 2460 eibum.

299 2502 364 2569 Ubi
385 2524 440 2570 res
461 2505 613 2590 prolatae
636 2509 721 2584 sunt,
744 2523 842 2586 quom
865 2523 922 2568 rus
945 2502 1093 2569 homines
1117 2511 1202 2584 eunt,

301 2611 406 2678 Simul
428 2612 580 2697 prolatae
601 2631 654 2678 res
677 2617 753 2677 sunt
774 2611 896 2677 nostris
919 2610 1080 2676 dentibus.

302 2717 415 2802 Quasi,
437 2741 537 2805 quom
559 2719 695 2801 caletur,
718 2717 871 2785 cochleae
894 2719 927 2783 iu
950 2717 1078 2784 occultu
1101 2717 1216 2800 latent,

302 2825 368 2894 Suo
390 2827 454 2895 sibi
477 2848 555 2896 suco
577 2829 703 2908 uiuent,
724 2847 780 2893 ros
802 2827 830 2892 si
852 2849 918 2892 non
941 2826 1040 2907 cadit,

299 2935 383 3002 Item
404 2938 542 3023 parasiti
563 2935 664 3002 rebus
686 2935 825 3020 prolatis
847 2934 953 3000 latent

299 3043 338 3109 In
361 3045 491 3112 occulto
512 3045 634 3126 miseri,
656 3044 811 3110 uietitant
834 3053 913 3109 suco
936 3065 1004 3124 suo,

297 3152 384 3219 Dum
405 3154 477 3220 ruri
497 3159 615 3219 rurant
636 3151 792 3233 homines,
817 3173 899 3238 quos
921 3151 1105 3236 ligurriant.

298 3259 442 3328 Prolatis
464 3261 564 3328 rebus
586 3261 725 3346 parasiti
746 3261 891 3326 uenatiei

301 3366 434 3451 Sumus3
458 3369 590 3452 quando
613 3390 666 3434 res
689 3368 867 3448 redierunt,
889 3367 1056 3434 Molossiei

300 3474 510 3561 odiosicique
531 3485 565 3544 et
586 3476 726 3543 multum
747 3477 1037 3543 incommodestiei.

299 3583 344 3650 Et
364 3583 418 3650 hie
441 3585 575 3669 quidem
596 3583 717 3666 hercle,
740 3585 804 3651 nisi
827 3586 884 3670 qui
908 3585 1065 3670 colaphos
1089 3585 1215 3670 perpeti

298 3691 391 3757 Petis
412 3695 580 3777 parasitus
602 3691 775 3778 frangique
797 3693 889 3760 aulas
912 3694 946 3758 in
969 3699 1079 3778 eaput,

299 3799 362 3865 Uel
383 3801 431 3866 ire
453 3806 548 3868 extra
568 3807 699 3886 portam
721 3801 928 3884 trigeminam
949 3801 993 3868 ad
1015 3821 1149 3866 saecum
1170 3799 1258 3866 lieet.
1382 3809 1409 3863 90

299 3907 394 3989 Quod
415 3908 496 3975 mihi
518 3931 558 3976 ne
581 3911 725 3992 eueniat,
748 3929 814 3975 non
835 3909 960 3975 nullum
982 3909 1207 3995 periculumst

368 4189 402 4242 ta
419 4204 472 4258 ego
491 4186 544 4242 elio
610 4189 643 4242 ta
665 4187 732 4242 iacit
750 4193 872 4242 scortum
891 4188 1006 4244 inuocat
1067 4189 1101 4240 74
1119 4203 1155 4241 an
1173 4203 1231 4241 non
1248 4186 1409 4256 planussmnt

300 4273 334 4326 75
350 4271 454 4328 Uerum
471 4272 565 4328 herele
581 4289 679 4327 uerum
742 4274 776 4327 78
794 4290 860 4342 qum
921 4277 955 4329 80
973 4274 1093 4328 eoeeleae
1152 4275 1185 4328 83
1204 4287 1252 4326 suo
1271 4285 1334 4326 suco
1381 4262 1409 4318 85

300 4358 422 4414 uenatiei
440 4375 524 4414 eausa
584 4358 619 4413 89
636 4358 720 4412 Potes
780 4361 815 4413 90
832 4359 872 4414 ire
890 4366 936 4414 tra
954 4377 1051 4430 poram
