2922 5006
86 507 276 577 [mlo-84
585 507 723 564 Curculio.
1145 515 1208 579 253

83 697 168 764 Bene
185 699 300 764 iuuant
316 705 516 783 pugnantem
534 698 567 762 in
585 699 669 763 acie:
692 699 754 764 nisi
772 699 851 764 mihi
870 701 965 783 uirgo
976 699 1135 782 redditur,
1154 717 1205 770 575

83 806 150 872 Iam
172 827 234 891 ego
257 815 290 874 te
313 805 442 886 faciam,
465 813 504 871 nt
525 805 577 872 hic
598 805 755 873 formicae
778 805 984 874 frustillatim
1006 807 1171 874 differant.

534 936 585 1002 Ca
650 937 755 1002 adox

81 1044 123 1110 At
138 1045 187 1111 ite
204 1065 297 1111 meae
315 1045 483 1126 uolsellae‚
507 959 642 1132 pecudi?
658 1045 837 1130 speculum,
862 1045 1087 1113 calamistrum
1100 1068 1208 1114 meum
1297 1075 1299 1080 ·

80 1151 167 1219 Bene
190 1175 243 1218 me
266 1155 425 1222 amassint
446 1175 587 1240 meaque
610 1154 717 1220 axicie
738 1153 943 1242 linteumque
967 1156 1120 1235 extersui,

79 1261 122 1328 Ut
144 1283 204 1346 ego
228 1267 288 1328 tua
310 1261 481 1346 magnifica
503 1262 606 1330 uerba
626 1282 732 1348 neque
751 1262 831 1328 istas
850 1269 925 1328 tuas
944 1284 1079 1348 magnas
1097 1265 1206 1330 minas

80 1367 150 1435 Non
169 1371 277 1456 pluris
293 1371 380 1437 facio
403 1392 501 1456 quam
524 1369 678 1436 ancillam
696 1390 811 1450 meam,
831 1391 916 1456 quae
934 1351 1088 1438 latrinam
1105 1371 1206 1438 lauat.

79 1479 144 1564 Ego
167 1479 262 1545 illam
282 1478 411 1545 reddidi
434 1481 472 1559 ci,
496 1480 552 1563 qui
576 1485 749 1563 argentum
772 1499 792 1544 a
815 1485 848 1544 te
871 1479 1001 1546 adtulit.

452 1610 838 1694 Therapontigonus

776 1717 856 1797 Quis
879 1719 907 1784 is
933 1725 985 1785 est
1006 1718 1128 1784 hemo?
1157 1737 1206 1790 581

535 1823 754 1912 Cappadox

81 1933 184 2005 Tuum
207 1935 366 2002 libertum
389 1955 461 2002 sese
484 1933 596 2000 aiebat
618 1955 691 2000 esse
715 1933 937 2000 Summanum.

446 2063 837 2149 Therapontigonus

989 2173 1120 2239 Meum?

80 2283 179 2364 attat,
202 2281 357 2348 Curculio
378 2280 488 2347 hercle
510 2281 613 2347 uerba
635 2281 714 2346 mihi
738 2281 838 2347 dedit.
878 2280 983 2359 Quom
1006 2283 1123 2366 cogite,

80 2389 110 2456 la
131 2390 212 2456 mihi
237 2389 371 2456 anulum
395 2389 571 2476 subripuit.

536 2497 756 2584 Cappadox

606 2605 806 2672 Perdidistin
830 2613 866 2672 tu
889 2607 1046 2673 anulum?

81 2713 172 2780 Miles
195 2713 312 2798 pulcre
336 2716 537 2780 centuriatus
561 2721 612 2780 est
635 2721 797 2800 expuncto
820 2715 853 2780 in
882 2715 1062 2800 manipulo.
1157 2733 1210 2787 585

451 2839 837 2924 Therapontigonus

82 2946 144 3013 Ubi
166 2967 258 3013 nunc
281 2945 509 3012 Curculionem
533 2948 720 3013 inueniam?

533 3054 754 3140 Cappadox

738 3164 777 3230 In
799 3165 911 3228 tritico
934 3162 1101 3228 facillume

83 3273 141 3338 Uel
163 3275 364 3358 quingentos
387 3271 593 3341 curculiones
616 3291 676 3356 pro
700 3292 765 3337 uno
789 3269 864 3336 faxo
887 3271 1046 3356 reperias.

83 3381 149 3465 Ego
174 3381 275 3462 abe03
298 3380 373 3446 uale
397 3387 498 3465 atque
521 3379 621 3446 salue.

448 3489 838 3574 Therapontigonus

659 3597 745 3662 Male
768 3597 854 3678 uale,
876 3595 962 3664 male
986 3597 1029 3662 sit
1051 3595 1121 3662 tibi.

83 3703 166 3782 Quid
190 3726 252 3790 ego
274 3702 415 3770 faciam?
439 3725 589 3770 maneam
612 3725 654 3770 an
678 3705 816 3770 abeam?
847 3704 948 3770 sicine
971 3703 1052 3770 mihi
1075 3724 1148 3770 esse
1173 3724 1208 3770 os

802 3811 982 3878 sublitum?

84 3915 185 4004 Cupio
198 3919 278 3986 dare
290 3920 485 3998 mercedem,
504 3922 559 4003 qui
571 3921 672 3986 illunc
683 3920 742 3986 ubi
754 3922 798 3986 sit
810 3927 1033 3987 commonstret
1045 3920 1137 3986 mihi.
1158 3936 1209 3989 590

147 4311 198 4364 578
216 4313 357 4364 extersum
411 4313 460 4367 581
480 4312 574 4367 eiam.
636 4313 687 4367 582
706 4329 765 4366 esse
784 4313 877 4368 aiebat
895 4328 957 4368 sese
1011 4311 1061 4365 585
1078 4309 1210 4380 pulchere

85 4392 133 4446 589
149 4393 230 4462 Quod
283 4395 402 4452 oblitum
