2956 5010
587 479 619 534 v.
639 483 784 535 rer-ecc.
1183 487 1244 548 563

203 679 286 738 Inter
308 698 335 736 v.
360 680 421 736 460
446 684 475 734 et
498 697 562 734 earo
587 695 717 748 scenam,
747 695 812 752 quae
834 678 941 754 incipit
965 697 991 735 v.
1016 679 1092 749 486,
1122 677 1246 754 aliquod

114 783 260 859 temporie
284 783 414 857 spatium
436 781 641 837 intercesserit
663 797 782 836 necesse
805 785 859 838 est.
894 779 953 839 Ubi
976 779 1031 838 hoc
1050 781 1080 836 in
1098 779 1246 838 Plautinis

115 885 227 944 fabulis
251 883 373 954 accidit,
403 882 535 940 tibicinis
565 888 667 939 cantus
696 883 878 940 interuenire
901 883 989 954 solet,
1020 901 1047 940 v.
1072 881 1190 956 Proleg.
1215 901 1244 958 p.

120 989 180 1047 168
200 1008 244 1064 sq.
280 987 344 1046 Hoc
363 986 426 1043 loco
451 984 633 1058 choragus
656 987 860 1062 interponitur
883 991 1065 1062 spectatores
1090 985 1244 1062 alloquens

116 1097 147 1148 et
159 1111 207 1148 res
220 1089 257 1146 ad
270 1109 318 1146 eos
330 1092 517 1166 pertinentes
529 1087 605 1144 sulse
618 1088 832 1162 perstringens.
856 1087 952 1146 Huius
970 1075 1064 1146 simile
1077 1087 1245 1164 exemplum

115 1195 146 1251 in
177 1193 259 1250 nulla
287 1192 345 1249 alia
375 1190 477 1248 fabula
507 1195 601 1260 extat3
637 1188 688 1246 sed
723 1194 842 1265 cognati
871 1193 987 1266 generis
1016 1196 1063 1248 est
1092 1192 1246 1267 παράβασις

116 1297 249 1371 uertique
276 1294 445 1352 Atticorum
477 1292 634 1350 eomoediae.
698 1291 769 1349 Eam
801 1293 852 1368 qui
881 1293 994 1368 primus
1022 1293 1110 1350 huius
1138 1293 1245 1351 fabula

115 1403 223 1456 auctor
250 1397 321 1467 fuit,
357 1398 490 1472 quemvis
522 1394 631 1452 chorus
659 1395 759 1452 nullus
792 1400 980 1472 suppeteret,
1017 1395 1119 1472 aliquo
1154 1397 1244 1455 modo

115 1502 252 1558 imitatus
276 1519 341 1555 esse
363 1497 498 1569 videtum
534 1497 660 1555 Latinus
691 1503 780 1574 poeta
803 1497 953 1555 Romanas
976 1517 1022 1556 res
1045 1497 1156 1556 Graecia
1179 1499 1246 1556 sub-

116 1603 227 1660 stituit.
278 1599 364 1658 Hunc
398 1619 457 1657 non
487 1601 583 1677 ipsum
607 1599 746 1658 Plautum
776 1619 853 1672 esse,
889 1600 940 1658 sed
971 1601 1120 1658 inferioris
1151 1603 1246 1658 aetstis

115 1705 264 1763 hominem
289 1709 318 1760 et
341 1701 488 1772 Oeannue‚
512 1701 649 1760 Analect.
673 1723 703 1779 p.
731 1704 806 1775 189,
839 1709 870 1760 et
893 1703 1089 1776 Ritschelius,
1124 1702 1245 1780 Parerg.

116 1827 149 1884 p.
176 1808 235 1866 207
267 1825 320 1880 sq.,
351 1803 559 1875 crediderunt,
590 1805 716 1861 maxime
738 1811 861 1880 propter
883 1805 1013 1863 basilicae
1044 1813 1073 1862 et
1101 1808 1247 1882 pistorum

116 1910 300 1967 mentionem
325 1905 396 1976 (471
424 1912 454 1964 et
472 1903 564 1978 482),
595 1927 655 1982 quo
678 1906 713 1964 de
738 1927 770 1964 re
792 1926 820 1964 v.
845 1908 923 1964 iufra
946 1909 1034 1964 etad
1059 1905 1142 1984 Capt.
1168 1905 1245 1979 8093

117 2011 194 2070 mihi
218 2009 335 2086 quidem
360 2009 498 2066 Plautina
522 2008 585 2066 haec
608 2027 695 2066 scena
718 2009 847 2067 videtur.
897 2009 953 2081 Qui
980 2029 1049 2067 varo
1074 2011 1121 2068 hic
1144 2009 1247 2087 prodit

117 2115 325 2187 choragus,
350 2129 528 2188 quemquam
547 2110 628 2169 chori
647 2117 750 2188 partes
769 2116 840 2186 agit,
865 2112 1019 2169 tamenab
1038 2131 1081 2184 eo,
1106 2113 1157 2188 qui
1170 2113 1246 2170 enti·

117 2218 221 2294 quitus
249 2215 375 2273 Athenis
410 2214 531 2271 chorum
567 2213 710 2286 ducebat,
744 2215 832 2288 longe
861 2214 994 2272 diuersus
1024 2221 1078 2272 est.
1136 2213 1246 2272 Graecis

116 2325 219 2377 autem
249 2319 376 2394 χορηγός,
400 2317 414 2372 ὁ
436 2319 571 2392 χορηγῶν,
594 2317 608 2372 ὁ
630 2319 677 2387 τὴν
698 2321 832 2394 popm-'ur
862 2320 989 2393 παρέχων
1017 2317 1128 2375 dieitur
1156 2319 1247 2374 etiam

115 2421 265 2478 translate
283 2420 334 2496 qui
352 2437 545 2495 quecumque
569 2418 605 2476 ud
630 2421 759 2497 aliquam
782 2440 843 2478 rem
867 2439 941 2498 opus
964 2425 1034 2479 sunt
1056 2419 1245 2496 suppeditat3

118 2519 331 2598 „choragium“
352 2521 437 2597 Capi.
452 2522 489 2578 61
510 2525 554 2578 est
575 2523 804 2581 instrumentum
830 2528 860 2581 et
882 2527 1061 2599 apparatus3
1085 2521 1132 2579 hic
1159 2522 1244 2594 „cho-

115 2620 225 2702 ragus“
251 2627 302 2702 qui
331 2628 505 2682 ornamento
529 2630 558 2681 et
581 2627 757 2683 vestimenta
779 2625 939 2684 theatralis
961 2624 1076 2702 praebet
1099 2624 1146 2682 vel
1169 2643 1246 2702 prae·

115 2728 215 2786 benda
244 2728 369 2804 suscipit
397 2731 426 2783 et
448 2727 525 2784 locet
548 2727 746 2786 histrionibus
777 2725 816 2801 (v.
839 2724 932 2800 463);
966 2728 1162 2802 ἱματιομίσθας
1191 2726 1246 2786 hoe

117 2829 258 2890 dicebant
286 2829 381 2887 Greci
413 2833 611 2906 posteriores,
647 2849 674 2888 r.
703 2829 776 2888 Poll.
814 2831 875 2902 r11,
913 2833 963 2889 78.
1031 2830 1093 2889 Hos
1126 2849 1246 2905 quoque

116 2931 283 2991 artificibus
305 2930 413 2988 Bacchi
443 2931 640 2989 adnumerant
668 2933 750 2988 tituli
773 2932 912 3010 Delphici
935 2932 1014 3008 apud
1039 2931 1174 3002 Ludere,
1198 2931 1246 2988 die

115 3033 333 3111 Dionysiscben
362 3033 505 3090 Klinetler
532 3053 560 3110 p.
588 3035 646 3091 114
677 3041 706 3091 et
737 3035 795 3092 192
820 3053 884 3111 sqq.
937 3034 980 3092 cf.
1005 3034 1086 3091 Pers.
1114 3035 1172 3092 160
1201 3053 1245 3110 sq.

121 3139 241 3211 ,Πόθεν
264 3131 460 3194 ornamento?
512 3135 570 3194 ΤΟ.
606 3136 668 3194 Abs
703 3136 831 3211 chorago
865 3139 990 3208 sumito;
1030 3135 1108 3193 Dare
1142 3134 1246 3208 debat3

116 3239 290 3317 praebenda
312 3239 424 3296 aediles
447 3233 650 3297 locauerunt“.
704 3239 786 3298 Trin.
811 3241 888 3297 858:
925 3238 1009 3314 „Ipse
1033 3243 1207 3296 orriamentu
1230 3257 1247 3294 a

117 3344 251 3416 chorago
273 3342 347 3399 baec
369 3343 496 3418 sumpsit
518 3361 570 3399 eno
593 3337 758 3418 periculo“.

207 3446 277 3502 461.
313 3437 450 3517 lepidum
475 3438 583 3519 lepide.
629 3443 732 3502 Placet
761 3444 818 3503 eibi
840 3445 870 3501 in
894 3443 997 3500 ecdem
1018 3444 1140 3500 notione
1163 3461 1247 3518 repe-

117 3546 219 3622 tenda,
243 3565 270 3604 r.
295 3545 332 3604 ad
354 3545 554 3622 empnam.
599 3547 677 3604 infra
700 3549 776 3605 467:
805 3548 915 3619 „nimio
940 3540 1246 3624 opere..operam“.

117 3650 186 3709 Mil.
216 3650 292 3708 493:
332 3653 432 3720 „reeta
464 3647 557 3706 habet
589 3655 701 3707 rectam
731 3647 842 3708 uiam“.
897 3648 1004 3707 Pseud.
1038 3647 1112 3706 571:
1151 3665 1247 3718 „nouo

118 3752 208 3812 modo
231 3769 340 3808 nouom
364 3750 487 3827 aliquod
509 3751 664 3809 inuentum
687 3749 835 3810 adferre“.
854 3779 897 3791 -
919 3753 991 3810 462.
1015 3749 1091 3808 Nou.
1114 3769 1144 3826 p.
1172 3750 1246 3807 120:

123 3849 349 3930 „Halofcmtam
372 3850 427 3911 aui
449 3847 665 3930 Sycofantam,
700 3854 853 3912 hominum
875 3873 967 3930 genus
990 3871 1132 3930 nequam,
1167 3849 1249 3926 quod

120 3958 160 4018 ob
188 3955 301 4014 suendo
330 3955 484 4012 mendacia
515 3957 681 4013 miserrima
708 3956 844 4014 mercede
873 3955 1057 4014 conducitur.
1107 3953 1247 4012 Plautus:

118 4059 304 4120 helefantum
334 4063 385 4116 ant
414 4057 600 4133 sycofantam
623 4060 717 4131 magis
741 4077 804 4116 esee
827 4057 933 4116 dicam.
978 4057 1018 4114 Et
1041 4057 1118 4114 alius
1141 4055 1248 4114 nobili·

119 4164 193 4221 tatis
216 4161 364 4218 obscurae:
398 4159 584 4218 haloiantam
614 4159 786 4218 mendaeem
808 4155 901 4218 velit“
959 4158 1005 4216 Ex
1028 4178 1087 4234 quo
1109 4158 1166 4216 hoe
1187 4157 1249 4234 pri·

119 4285 202 4324 mum
225 4265 369 4340 sequitur,
393 4265 436 4320 itu
458 4263 496 4320 ad
518 4265 627 4320 iustam
646 4281 816 4320 mensuram
834 4281 951 4320 versum
970 4261 1168 4334 redigendum
1185 4277 1249 4316 esse

118 4377 156 4426 ut
168 4362 250 4424 hunc
262 4372 293 4424 et
304 4359 361 4425 boc
372 4367 558 4438 omittentem
576 4367 600 4422 si
618 4368 666 4423 cui
686 4364 826 4440 displicet
841 4363 1123 4442 proceleusmaticus
1139 4361 1249 4437 „magis

995 4473 1044 4527 36*
