2916 5006
251 552 313 614 386
730 543 893 600 Bacchides.

250 741 361 819 templo
391 739 574 800 Crucisalum
602 757 648 797 me
677 759 712 797 ex
743 733 917 814 Chrysalo“.
963 733 1057 799 ludus
1086 745 1185 798 autem
1212 739 1369 797 litterarius

250 843 445 919 intelligitur3
478 842 536 902 hoo
562 861 594 900 se
621 842 765 900 maiorem
794 861 858 900 esse
887 840 969 902 dioit.
997 871 1042 883 —
1071 839 1142 902 128.
1176 837 1211 901 iu
1238 839 1368 900 meust.

250 947 381 1006 nissen:
407 945 583 1020 „Fortasset
606 948 639 1004 in
657 939 852 1017 mentemst“;
877 944 958 1020 quod
980 945 1095 1022 recepit
1116 943 1172 1018 Fl.‚
1197 943 1233 1002 of.
1249 945 1313 1003 159.
1328 972 1370 983 -

254 1052 324 1110 129.
355 1047 502 1109 concuret
528 1046 585 1106 hoo
612 1065 672 1106 uno
700 1047 766 1105 loco
795 1045 916 1122 legitur.
952 1076 992 1087 -
1029 1047 1088 1106 130
1111 1067 1155 1124 sq.
1190 1047 1371 1123 Interrogare

250 1151 368 1228 Lydum
386 1153 503 1230 priores
521 1149 588 1210 edd.
601 1168 660 1208 non
672 1147 888 1224 significarunt.
906 1180 949 1190 —
964 1152 1033 1208 132.
1058 1149 1212 1209 Charisius
1223 1169 1252 1227 p.
1266 1152 1320 1209 201
1333 1149 1370 1208 K.
1447 1128 1448 1214 l

251 1274 369 1314 versum
398 1255 443 1312 ita
469 1251 587 1326 laudat,
620 1257 656 1310 ut
684 1255 783 1311 estin
805 1251 839 1311 B.
884 1251 1007 1311 Hiatum
1035 1259 1106 1331 post
1126 1249 1259 1328 persidii
1284 1255 1372 1312 inter·
1447 1227 1448 1270 ¹

250 1357 413 1434 punctione
434 1360 537 1414 tuetur
558 1353 704 1433 Spengel,
733 1355 832 1413 Plaut.
856 1373 885 1431 p.
912 1357 982 1414 221.
1038 1355 1153 1416 Ritsoh.
1177 1375 1241 1415 voc.
1266 1370 1316 1433 epo
1340 1357 1374 1413 in

251 1461 330 1518 huno
356 1459 454 1518 looum
482 1459 682 1534 transposuit,
716 1455 822 1535 probb.
847 1456 991 1518 Fleckeis.
1016 1462 1046 1516 et
1068 1459 1206 1518 Mlillero.
1257 1453 1375 1518 Ibidem

251 1582 306 1639 sq.‚
329 1579 385 1636 ego
407 1581 466 1620 non
489 1561 585 1619 minus
607 1580 701 1619 meam
723 1579 845 1638 operam
867 1559 1001 1638 perdidi,
1032 1581 1121 1637 quam
1149 1568 1183 1621 tu
1205 1567 1288 1622 tuam
1308 1583 1376 1640 per·

253 1663 366 1723 didisti.
389 1693 431 1704 -
457 1665 527 1724 134.
547 1657 757 1741 praeliorum
778 1663 898 1739 pectus,
925 1683 984 1740 quo
1008 1683 1080 1723 sana
1102 1664 1267 1724 admonitio
1289 1685 1375 1742 pene-

251 1771 333 1826 trare
361 1785 420 1826 non
447 1771 558 1844 potest.
591 1795 628 1806 -
668 1757 804 1824 Odiosus
831 1761 909 1824 inihi
939 1781 986 1840 et,
1023 1766 1059 1826 os.
1082 1767 1191 1826 Pseud.
1218 1770 1267 1827 30.
1310 1767 1377 1826 Ter.

252 1869 370 1929 Phorm.
385 1871 456 1929 937.
490 1868 599 1927 Heaut.
615 1869 712 1927 1006:
740 1867 877 1942 „Pergim
896 1869 1011 1943 mulier,
1025 1870 1130 1929 odiosa
1141 1869 1227 1929 esse?
1250 1870 1376 1928 ullamne
1448 1947 1449 1950 Ἴ

253 1991 307 2048 ego
335 1992 398 2032 rem
425 1991 569 2049 umquam
597 1971 627 2029 in
654 1973 721 2030 uita
742 1989 809 2028 mea
831 1970 920 2031 Uolui
946 1969 1037 2046 eto.“;
1070 1977 1113 2032 sio
1140 1975 1221 2032 enim
1249 1973 1377 2032 scriben-

253 2075 331 2135 dum.
355 2105 398 2114 -
424 2075 493 2133 135.
523 2069 607 2134 Illuc
627 2069 673 2134 sis
694 2069 777 2147 uide,
799 2093 827 2133 v.
852 2073 890 2132 ad
912 2073 981 2134 Aul.
1006 2075 1055 2133 46.
1079 2105 1121 2116 —
1152 2077 1222 2134 138.
1252 2074 1376 2152 Corrup-

251 2183 315 2237 tum
337 2177 435 2236 loonm
458 2177 509 2235 alii
532 2176 621 2235 aliter
638 2177 796 2234 emendare
815 2177 915 2235 eonati
932 2182 1011 2236 sunt.
1051 2172 1160 2238 berum
1176 2197 1233 2255 pro
1249 2177 1378 2236 subiecto

253 2279 419 2339 desiderari
435 2278 512 2338 vidit
527 2277 663 2356 Pylades,
682 2279 761 2337 unde
780 2279 982 2339 Camerarius:
1018 2279 1110 2353 „Cum
1127 2280 1218 2339 herus
1235 2279 1283 2339 hio
1299 2283 1378 2339 intus

254 2379 323 2454 sit“‚
357 2381 444 2440 Both.
473 2381 584 2454 „Quom
613 2381 662 2440 hio
689 2383 773 2459 ipsus
800 2383 881 2441 intus
910 2379 998 2455 siet“,
1028 2381 1130 2442 Herm.
1157 2383 1271 2456 „Quom
1292 2383 1379 2442 haece
1449 2377 1450 2444 l

253 2487 334 2543 intus
358 2485 453 2543 assint
481 2488 512 2541 et
540 2503 608 2542 erus
636 2504 702 2542 oum
726 2481 850 2557 amica“‚
881 2483 994 2544 Ritsoh.
1021 2485 1135 2558 „Quom
1163 2485 1212 2544 hio
1239 2487 1319 2545 intus
1341 2490 1379 2544 sit

255 2593 368 2645 etune
390 2607 456 2645 eum
480 2581 604 2658 amioa“‚
627 2587 658 2644 in
679 2586 772 2646 Novis
795 2585 919 2646 Exours.
943 2607 973 2665 p.
991 2589 1029 2648 69
1055 2592 1172 2647 antem:
1200 2589 1310 2662 „Quom
1333 2589 1380 2648 hie

253 2692 334 2748 intus
357 2709 425 2748 erus
449 2689 489 2747 sit
512 2693 542 2746 et
565 2707 631 2746 cum
653 2687 767 2747 amioad
790 2686 943 2748 accubet“.
988 2689 1119 2764 Mulier„
1144 2691 1268 2750 Nachtr.
1281 2711 1308 2768 p.
1324 2693 1377 2750 87:

258 2791 372 2865 „Quom
400 2791 448 2850 hio
474 2792 556 2848 intus
584 2809 653 2850 erus
683 2792 723 2849 sit
751 2795 781 2849 et
809 2811 874 2850 oum
903 2793 996 2851 amica
1024 2813 1086 2852 una
1108 2791 1264 2853 aooubet“.
1306 2793 1377 2864 Nos,

256 2915 345 2972 quum
368 2914 405 2953 ne
426 2889 512 2953 inte
534 2893 655 2970 quidem
673 2913 776 2952 sanum
792 2893 940 2968 videatur,
964 2897 1152 2973 scripsimus:
1181 2895 1294 2970 „Quom
1311 2917 1378 2954 erus

254 2999 285 3057 in
309 3002 460 3058 conuentu
483 2992 553 3069 sit“,
576 2997 596 3054 i.
620 3015 645 3056 e.
668 2995 721 3054 ubi
744 3015 809 3054 cum
833 2997 934 3054 amieis
957 2999 984 3055 ei
1008 2999 1159 3073 convenit,
1188 2999 1250 3072 vel,
1279 3000 1303 3057 si
1325 2999 1380 3057 hoe

257 3103 360 3174 mavis,
384 3101 415 3160 in
439 3104 526 3158 coetu
549 3103 579 3157 et
601 3099 744 3171 convivio,
769 3098 805 3157 ol.
829 3098 887 3158 Cio.
911 3099 995 3159 Verr.
1018 3099 1069 3175 IV,
1093 3101 1149 3174 le,
1176 3103 1251 3161 107:
1288 3101 1379 3174 „cele-

253 3204 383 3262 berrimo
411 3203 543 3262 virorum
570 3199 786 3276 mulierumque
814 3199 990 3261 conventu“.
1019 3232 1062 3242 -
1097 3203 1157 3262 140
1191 3224 1251 3262 non
1284 3205 1379 3262 minus

255 3311 412 3383 corruptus
434 3304 566 3364 traditus
590 3307 643 3362 est.
695 3301 840 3377 Scaligeri
868 3305 1067 3363 coniecturam
1091 3305 1204 3365 Ritsoh.
1228 3307 1379 3382 amplexus

255 3414 315 3466 est:
357 3408 523 3482 „Praesente
551 3406 617 3465 ibus
645 3425 706 3464 una
734 3405 913 3482 paedagogus
935 3411 970 3465 ut
992 3403 1078 3481 siet“,
1101 3405 1201 3466 flotam
1225 3427 1261 3466 ex
1287 3428 1378 3485 „pra-

256 3514 340 3568 sente
363 3508 479 3583 nobis“,
504 3509 540 3567 de
559 3529 616 3587 qno
635 3507 696 3567 vid.
716 3507 754 3565 ad
771 3507 879 3585 Amph.
901 3509 996 3582 1040;
1020 3509 1082 3582 sed,
1105 3529 1142 3568 ne
1164 3511 1254 3587 plura
1270 3515 1378 3584 notem,

259 3609 362 3685 ,‚ibus“
387 3613 518 3689 priorem
540 3612 658 3689 longam
680 3610 786 3683 habet,
811 3631 839 3669 v.
864 3610 1003 3689 Spengel.
1026 3611 1064 3670 ad
1086 3611 1206 3671 Trucul.
1229 3613 1252 3686 I,
1277 3616 1304 3687 2,
1332 3617 1378 3672 14.

256 3712 410 3786 Schmidt,
441 3713 477 3772 de
505 3714 712 3790 pronominum
735 3713 896 3772 demonstr.
920 3714 1022 3772 formis
1051 3735 1080 3792 p.
1111 3717 1149 3774 67
1181 3735 1235 3793 sq„
1264 3715 1379 3774 sublata

255 3835 337 3882 voce¹
350 3829 415 3874 tina
437 3820 536 3874 cetera
557 3836 629 3874 sana
652 3823 761 3890 censet,
785 3835 840 3875 neo
863 3837 931 3874 eum
952 3816 1060 3876 fefellit
1083 3818 1298 3894 „presentibus
1318 3819 1378 3876 illis

256 3915 338 3976 esse“
364 3935 420 3996 pro
446 3923 637 3994 „praesentem
661 3916 742 3977 esse“
765 3919 824 3977 dici
846 3939 906 3978 non
928 3939 1023 3996 posse,
1047 3919 1101 3978 sed
1122 3915 1185 3979 siet
1205 3940 1260 3998 pro
1281 3917 1374 3994 „sies²

255 4020 451 4080 Pistoclerum
475 4019 584 4079 dixisse
606 4027 702 4099 putat,
727 4021 843 4098 Lydum
866 4023 1042 4095 imitantem,
1067 4023 1118 4099 qui
1130 4041 1157 4082 v.
1174 4022 1234 4082 136
1256 4029 1376 4096 „vocat”

256 4123 387 4181 dixerat:
410 4123 442 4180 id
459 4121 539 4199 quod
554 4123 649 4181 nihilo
660 4125 761 4182 sanius
773 4130 827 4184 est.
858 4124 977 4184 Miller.
991 4123 1115 4184 Naobtr.
1129 4125 1149 4184 l.
1162 4125 1199 4183 l.:
1216 4125 1376 4199 „Praesens

255 4227 357 4284 simitu
379 4225 572 4303 paedagogus
594 4231 629 4285 ut
651 4223 744 4298 siet“;
781 4246 836 4285 nos
858 4229 980 4304 propius
1008 4225 1045 4285 ad
1075 4227 1213 4286 codicum
1240 4229 1376 4301 vestigia:

261 4327 421 4399 „Praesens
453 4328 496 4386 ibi
529 4329 608 4387 nllus
640 4327 831 4406 paedagogus
864 4335 898 4387 ut
931 4324 1019 4388 siet“.
1041 4359 1085 4370 ·-
1121 4331 1191 4390 142.
1227 4329 1377 4389 Gravitate
