2922 5006
578 509 716 566 Curculio.

588 700 694 784 Lyco

410 807 495 874 Nam
519 807 597 894 quid
619 808 654 874 id
675 807 778 874 refert
800 829 883 889 mea,

83 916 130 981 An
151 917 228 983 aula
250 937 374 1002 quassa
396 937 471 983 cum
493 919 602 984 cinere
623 916 770 984 colossus
794 916 878 982 siet?

544 1046 739 1114 Curculio

82 1153 335 1238 Superstitiosus
357 1155 411 1221 hic
434 1155 611 1240 quidemst3
636 1175 718 1222 uera
739 1155 925 1240 praedicat3

81 1261 162 1328 Nam
183 1264 282 1330 illaec
305 1263 496 1348 catapultae
519 1265 562 1330 ad
584 1285 636 1330 me
660 1263 775 1330 crebro
799 1268 982 1330 conmeant.

81 1369 288 1453 Adulescens,
312 1372 446 1438 obrem
469 1373 636 1457 publicam
657 1372 721 1439 hoc
742 1373 831 1438 intus
854 1371 935 1437 mihi

82 1477 172 1556 Quod
194 1481 323 1564 insigne
346 1479 462 1561 habeo,
487 1501 619 1564 quaeso,
643 1501 684 1546 ne
709 1501 760 1546 me
783 1480 978 1546 incomities.

589 1611 691 1698 Lyco

81 1716 212 1786 Licetne
234 1717 388 1800 inforare,
411 1720 439 1785 si
461 1719 666 1786 incomitiare
688 1739 755 1785 non
777 1717 879 1786 licet?

548 1849 742 1916 Curculio

80 1955 149 2023 Non
172 1957 331 2024 inforabis
352 1979 405 2025 mc
428 1959 569 2044 quidem,
592 1980 653 2024 nec
676 1958 755 2024 mihi
777 1955 910 2043 placent

79 2063 180 2131 Tuum
204 2065 353 2150 profecto
375 2088 437 2132 nec
459 2066 566 2133 iorum
588 2087 696 2151 neque
721 2067 900 2144 comitium,

78 2171 141 2239 Sed
162 2173 261 2254 hunc,
284 2195 381 2258 quem
404 2195 536 2258 quaero,
561 2183 808 2241 conmonstrare
831 2175 858 2239 si
881 2179 986 2258 potes,

78 2279 178 2347 Inibis
202 2303 224 2347 a
245 2303 296 2350 me
320 2283 460 2349 solidam
483 2291 516 2350 et
539 2283 697 2367 grandem
719 2284 871 2368 gratiam.
1156 2299 1208 2352 405

81 2387 245 2473 Lyconem
268 2411 393 2475 quaero
417 2393 621 2476 trapezitam.

590 2523 696 2607 Lyco

660 2631 721 2696 Dic
742 2625 833 2710 inihi,

78 2735 164 2814 Quid
188 2758 264 2802 enm
286 2757 373 2802 nunc
396 2738 552 2822 quaeris?
576 2745 634 2804 ant
656 2738 851 2822 quoiatis'c?

547 2889 743 2957 Curculio

892 2998 1053 3084 Eloquar:

79 3106 128 3171 Ab
152 3105 443 3191 Therapontigono
467 3105 680 3191 Platagidoro
703 3107 815 3172 milite.

588 3261 614 3326 L
649 3282 694 3328 co

76 3366 163 3433 Noui
187 3367 306 3452 edepol
327 3389 460 3449 nomen3
483 3389 558 3434 nam
582 3283 662 3434 milri
684 3369 770 3435 istoc
792 3371 932 3448 nominc,

76 3475 160 3541 Dum
184 3475 303 3556 scribo,
328 3477 456 3560 expleui
478 3483 566 3544 totas
590 3498 683 3544 ceras
707 3483 872 3562 quattuor.

76 3581 142 3649 Sed
166 3583 247 3668 quid
270 3583 433 3669 Lyconem
456 3587 609 3668 quaeris?

549 3727 741 3794 Curculio

635 3835 865 3904 Mandatumst
887 3835 976 3916 mihi,

77 3939 122 4008 Ut
143 3941 206 4009 has
228 3941 372 4010 tabellas
396 3943 439 4010 ad
462 3965 537 4010 eum
559 3943 690 4011 ferrem.

144 4221 196 4276 396
214 4237 302 4290 quasa
375 4223 512 4276 397-400
530 4223 619 4278 tridua
637 4223 770 4278 uersibus.
847 4223 949 4276 col-3
968 4219 1082 4276 duodus
1155 4221 1207 4274 402

77 4305 191 4374 placens
266 4307 369 4362 loc-6
393 4305 501 4363 duobus
519 4307 650 4361 nereidem
720 4309 772 4362 405
797 4307 904 4376 grando
973 4306 1093 4360 ior-10
1116 4303 1207 4361 astos

79 4391 209 4448 merrom.
262 4394 314 4448 lot
333 4392 434 4446 cuiatis
486 4393 538 4446 412
556 4391 643 4447 ferret

950 4493 981 4547 16
