2916 5006
244 507 306 566 434
723 501 884 556 Bacchides.
1299 479 1315 522 ⁴

242 683 335 771 magis
358 697 505 753 orationis
528 715 615 770 quam
637 695 735 754 hiatus
758 671 855 766 causa,
879 715 966 770 quem
989 701 1057 770 post
1079 714 1187 752 nomen
1209 697 1354 771 proprium

243 799 331 856 etiam
353 796 464 856 Ritscb.
488 796 595 872 Opusc.
618 796 662 869 Π,
686 817 715 872 p.
740 799 800 855 498
824 796 966 856 defendit.
991 827 1033 838 -
1061 793 1194 858 Lartius
1215 799 1256 869 A,
1287 803 1355 854 tesia

243 899 415 976 Geppertio,
439 899 524 958 Stud.
544 899 582 972 11,
606 920 636 976 p.
661 901 710 972 34,
734 901 753 958 i.
778 920 803 958 e.
828 899 973 970 Laertius,
997 903 1060 960 aive
1083 901 1202 958 Laertie
1223 899 1310 971 filins,
1331 919 1354 956 r.

242 1001 360 1079 Proleg.
385 1005 457 1061 216.
501 1002 620 1078 Fragm.
643 1003 750 1076 tragici
779 1003 885 1060 incerti
914 1002 996 1079 apud
1025 1003 1148 1073 Quintil.
1183 1003 1233 1074 VI,
1256 1004 1283 1074 3,
1307 1005 1354 1060 96:

246 1104 329 1178 „Nisi
362 1106 387 1162 si
415 1125 474 1182 qua
494 1105 597 1164 Ulixes
625 1109 691 1162 rate
720 1107 815 1163 evasit
842 1101 993 1164 Lartius“.
1040 1107 1178 1164 Formam
1204 1099 1354 1176 „Lartius”

242 1208 377 1283 pretulit
399 1207 558 1279 Fleckeis.,
582 1210 632 1284 qui
655 1207 733 1266 Arm.
756 1207 828 1284 pbil.
853 1207 963 1278 XUUI,
987 1227 1017 1283 p.
1042 1213 1074 1280 8,
1097 1212 1207 1284 partim
1229 1207 1356 1264 Ritscbe·

243 1309 314 1367 lium
337 1315 471 1380 secutus,
495 1309 570 1368 hano
593 1316 694 1368 censet
718 1314 868 1386 antiquam
887 1311 975 1368 huius
992 1331 1096 1369 versus
1113 1312 1239 1368 formam
1257 1311 1356 1367 luisse:

247 1412 352 1484 ,Miles
369 1411 563 1483 Menelauost,
583 1431 638 1486 ego
649 1413 858 1487 Agamemino:
882 1413 960 1470 idem
979 1412 1083 1470 Ulixes
1103 1410 1253 1472 Lertius“.
1290 1411 1358 1470 Hihi

247 1513 403 1585 „Lartius“
423 1518 517 1590 magis
534 1515 688 1591 probatur,
712 1516 759 1574 vel
781 1514 1006 1592 propterSoph.
1018 1517 1066 1574 Ai.
1084 1515 1113 1574 1:
1135 1516 1184 1572 Ἀεὶ
1202 1537 1259 1590 μεν,
1279 1506 1359 1570 dcci

243 1622 370 1694 Λαρτίου.
392 1646 433 1656 -
463 1618 534 1676 942.
571 1612 786 1677 Mnesilochus
808 1619 855 1676 est
877 1617 905 1676 h.
929 1617 949 1676 l.
973 1639 1031 1677 non
1045 1618 1149 1676 'solum
1172 1623 1208 1676 ut
1230 1622 1261 1676 in
1284 1623 1357 1674 ente-

245 1722 361 1780 cedenti
387 1718 573 1792 („Menelaus
598 1718 677 1793 est“)
701 1720 724 1778 B
747 1726 777 1778 et
799 1720 836 1780 C.
868 1720 919 1776 sed
943 1722 1032 1780 etiam
1056 1723 1098 1793 A,
1121 1721 1203 1796 quod
1227 1721 1258 1778 in
1280 1726 1357 1778 textu

245 1825 367 1882 retineri
387 1823 529 1900 oportuit.
543 1853 585 1862 -
596 1819 694 1882 exitio
706 1823 741 1880 A.
755 1850 797 1862 —
811 1823 882 1882 943.
906 1816 942 1882 Is
953 1821 985 1882 C.
997 1823 1043 1894 D,
1061 1821 1148 1895 ,His“
1164 1823 1199 1880 B.
1216 1818 1283 1890 „Si“
1297 1825 1323 1880 in
1335 1824 1357 1878 A

245 1945 342 1984 merua
365 1945 447 1982 error
470 1933 529 1999 est3
553 1923 659 1986 auerti
680 1929 711 1983 in
732 1928 758 1984 A
781 1927 854 2001 legit
866 1925 962 2002 Uepp.
974 1945 1004 2002 p.
1024 1928 1072 1984 35.
1086 1955 1128 1964 -
1145 1922 1240 2000 quoia
1262 1940 1357 1982 musa

243 2049 271 2088 v.
292 2029 333 2100 ¹ad
362 2027 445 2086 Uure.
471 2029 541 2086 229.
572 2058 612 2066 -
646 2031 718 2087 944.
752 2024 838 2088 Nam
866 2029 992 2086 refertur
1019 2029 1057 2088 ed
1084 2049 1111 2087 v.
1142 2029 1214 2086 941.
1243 2057 1286 2066 —-
1316 2022 1359 2084 illi

243 2128 354 2190 itidem
376 2131 473 2202 Both,
497 2131 636 2208 idemque
658 2133 689 2188 in
711 2133 737 2190 A
761 2151 825 2190 esee
841 2130 1003 2190 Ritscbelio
1026 2136 1120 2190 visum
1145 2136 1199 2188 est.
1247 2125 1357 2191 Uliuem

246 2231 356 2294 audiui
378 2235 413 2292 A.
445 2263 488 2273 -
521 2237 591 2293 945.
626 2235 750 2292 Versum
779 2233 848 2292 dedi
876 2240 911 2292 ut
937 2237 969 2292 in
1002 2235 1028 2292 A
1058 2255 1121 2290 esse
1157 2233 1281 2304 dicitur;
1313 2231 1356 2288 sed

244 2339 342 2414 prima
364 2356 420 2396 vox
443 2330 540 2396 Dotis
562 2341 704 2414 corrupta
726 2335 855 2395 videtur.
896 2336 1057 2395 Lambinus
1083 2335 1136 2408 ,lu
1159 2323 1254 2394 dolie“
1280 2337 1356 2401 coni,

182 2495 184 2500 ,
246 2439 283 2497 ad
306 2459 425 2497 sensum
446 2445 543 2510 recte;
566 2439 728 2510 Acidaliue,
753 2459 839 2516 quam
860 2441 997 2515 sequitur
1013 2437 1136 2510 Ritsch,
1160 2437 1280 2510 „Doli“,
1303 2442 1358 2496 iure

246 2538 432 2618 improbante
456 2540 593 2613 Miillero,
617 2542 660 2600 Pl.
684 2529 773 2600 Pros.¹
791 2563 820 2618 p.
848 2543 917 2600 172.
959 2541 1080 2616 Requiri
1102 2542 1222 2600 videtur
1244 2539 1358 2617 aliquid.

247 2645 293 2702 oui
312 2647 480 2721 opponatur
499 2645 529 2700 in
546 2646 689 2720 proximis
704 2641 929 2716 „mendicans“;
953 2663 1023 2700 num
1040 2643 1219 2716 „Fallens?“
1249 2673 1284 2683 -—
1313 2637 1360 2700 ille

249 2739 430 2804 mendicans
456 2752 543 2818 cett,
581 2748 600 2804 i.
624 2767 648 2804 e.
672 2746 843 2804 mendicans
871 2747 1009 2804 inventus
1035 2765 1120 2821 poene
1143 2749 1275 2804 interiit.
1323 2745 1361 2802 De

251 2849 381 2907 chiesmo
410 2849 522 2906 ordinis
551 2869 578 2907 v.
610 2850 648 2906 ad
675 2848 782 2924 Amph.
809 2828 890 2906 290.v
915 2879 955 2886 —
988 2845 1108 2906 interiit
1140 2849 1263 2924 ultimas
1296 2849 1361 2904 duas

251 2951 408 3023 contrabit,
432 2971 459 3008 v.
483 2951 600 3028 Proleg.
622 2971 652 3026 p.
677 2953 748 3010 212.
775 2981 811 2990 -
835 2950 879 3008 De
901 2950 990 3008 Ulixe
1011 2969 1074 3008 rem
1096 2957 1201 3009 narrat
1224 2952 1363 3010 Homerus

251 3053 305 3112 Od.
329 3054 377 3126 IV,
403 3055 462 3112 242
486 3074 561 3130 sqq,
592 3074 658 3110 eum
682 3053 855 3129 speculandi
883 3073 972 3110 causa
994 3054 1025 3110 iu
1046 3052 1150 3110 urbem
1173 3053 1363 3110 Troianorum

250 3159 390 3216 introisse
412 3156 538 3214 mendici
561 3155 686 3214 hominis
709 3157 822 3226 habitu,
847 3156 898 3214 sed
921 3156 957 3212 ab
981 3155 1094 3214 Helena
1115 3160 1217 3217 temen
1240 3157 1364 3232 agnitum

251 3279 322 3318 esse.
367 3259 491 3317 Addunt
512 3260 626 3334 tragici,
650 3267 685 3316 ιιι
706 3258 874 3334 Euripides,
901 3259 1011 3316 Hecub.
1037 3260 1096 3317 243
1120 3278 1196 3334 sqq,
1229 3259 1364 3316 Helenam

252 3382 316 3418 cum
340 3362 461 3420 Hecuba
483 3381 543 3418 rem
568 3363 810 3432 communicasse,
846 3366 877 3418 et
898 3361 1015 3420 Ulixem
1044 3365 1074 3419 in
1104 3366 1269 3418 extremum
1292 3362 1364 3438 peri·

252 3463 348 3520 culum
371 3462 529 3520 adductum
551 3463 723 3522 humillimis
744 3463 883 3540 precibus
905 3463 1070 3536 Hecubam,
1104 3469 1140 3520 ut
1168 3483 1200 3522 ee
1228 3467 1363 3528 servaret,

252 3584 397 3637 exorasse,
421 3565 456 3622 ci.
475 3566 553 3624 infra
573 3568 643 3624 958.
663 3597 704 3606 —-
728 3567 798 3638 946,
821 3571 855 3624 ut
878 3567 959 3624 etin
981 3566 1008 3624 A
1031 3569 1062 3622 et
1083 3567 1114 3622 in
1137 3567 1245 3626 ueteris
1269 3564 1365 3624 scribi-

250 3673 309 3739 tur,
333 3669 518 3742 septenarius
540 3670 705 3726 troohaicus
729 3675 781 3728 est.
827 3669 1019 3727 Octonarium
1049 3669 1180 3726 restituit
1207 3667 1365 3726 Guilelmus

251 3791 306 3848 pro
334 3765 460 3829 illorum
487 3771 618 3829 scribens
639 3769 811 3845 „iliorum“,
835 3771 887 3828 sed
909 3771 1031 3846 pluralis
1055 3789 1196 3828 numerus
1219 3769 1292 3846 quid
1313 3768 1364 3826 sibi

251 3875 337 3945 velit,
369 3893 427 3934 non
450 3874 594 3947 intelligo.
645 3869 714 3948 suia
736 3881 816 3932 recte
839 3877 863 3932 A
888 3881 918 3932 et
939 3873 970 3946 0,
994 3893 1172 3950 quamquam
1195 3873 1309 3932 Ritsch.
1333 3889 1364 3926 er

252 3978 275 4034 B
300 3975 414 4050 ,‚iacte“
440 3979 563 4052 reecpit.
608 3977 673 4034 Non
700 3977 779 4034 iacta
808 3977 858 4035 sed
887 3997 934 4034 res
963 3981 994 4034 et
1016 3975 1151 4036 condicio
1174 3975 1362 4036 Troianorum

251 4079 436 4156 exploranda
458 4084 551 4149 erant,
575 4085 609 4135 ιιι
633 4081 765 4152 sciretur,
789 4085 888 4138 utrum
912 4080 984 4136 satis
1006 4079 1046 4137 ad
1066 4079 1179 4137 bellum
1197 4080 1363 4136 continuau-

252 4181 321 4239 dum
333 4180 504 4258 sufficerent
516 4202 552 4240 an
565 4201 633 4252 non,
653 4183 701 4238 vel
712 4188 810 4240 utrum
829 4171 892 4240 feta
911 4201 1010 4238 eorum
1029 4181 1067 4240 ad
1085 4183 1199 4238 exitum
1215 4185 1359 4256 vergerent

251 4303 352 4341 necne.
371 4313 413 4324 -
436 4286 507 4342 947.
538 4277 669 4343 Uiuctus
691 4298 770 4356 sum,
793 4304 840 4342 me
863 4286 1031 4350 vinxerunt.
1065 4276 1360 4356 F1.,Uinctusfur.

252 4400 314 4456 me,
339 4387 418 4459 quod
441 4387 499 4442 iam
523 4385 650 4459 Pylades
673 4385 836 4457 addiderat,
868 4389 896 4442 in
920 4389 945 4444 A
969 4387 1088 4460 legitur.
1111 4383 1187 4446 item
1208 4401 1242 4446 se
1265 4379 1314 4443 iiie
1334 4395 1359 4436 et
