2916 5006
556 480 589 534 V.
607 481 751 535 715-762.
1151 485 1213 546 425

94 693 171 734 more
194 693 371 734 consumam.
406 673 449 734 Cf.
471 671 683 753 „pergrecaffl
707 675 785 734 infra
813 677 884 736 868.
919 674 1007 735 Most.
1028 679 1085 736 21:
1126 677 1215 750 „Dies

97 783 254 853 noctesque
276 776 380 850 bibite,
403 773 670 855 pergraecamini“.
705 777 796 836 Titin.
814 797 842 838 r.
863 780 939 838 175:
964 797 1041 838 nunc
1063 781 1126 838 ruri
1148 799 1214 858 per·

94 877 278 956 graecatur“.
324 879 397 938 Hor.
423 878 484 939 Sat.
509 879 547 952 11,
573 883 602 953 2,
629 883 682 938 ll:
717 887 867 940 assuetum
894 879 1056 958 graecari“.
1102 882 1215 954 Quibus

94 984 162 1042 locis
196 987 350 1059 permotus
386 982 477 1040 stiam
512 982 541 1041 h.
568 983 588 1041 l.
620 981 860 1060 deponentialem
892 983 1017 1042 formam
1053 1005 1090 1043 sx
1117 985 1214 1045 Nonio

94 1085 212 1144 adscivi.
264 1084 376 1144 Eodem
400 1089 522 1144 auctore
545 1085 682 1162 copulem
706 1087 807 1158 omisi,
837 1086 873 1144 cl.
898 1085 936 1144 ad
957 1086 1066 1164 Amph.
1096 1089 1144 1146 13.
1172 1117 1216 1128 -

96 1189 164 1246 741.
191 1181 302 1246 Etiam
324 1187 412 1246 Both.
436 1187 472 1246 R.
495 1187 540 1246 Fl.
564 1207 629 1246 cum
657 1187 844 1246 antecedenti
868 1186 1004 1264 Chrysali
1031 1189 1122 1248 verbo
1150 1191 1215 1248 iun·

94 1295 178 1366 gunt,
214 1292 264 1346 rix
291 1293 380 1348 recte.
409 1317 451 1330 -
486 1291 556 1348 744.
592 1305 693 1349 ceram
731 1305 767 1350 αθ
795 1284 909 1364 linum,
943 1311 972 1349 v.
1003 1292 1041 1350 ad
1070 1293 1141 1352 712.
1175 1321 1213 1332 -

96 1394 163 1452 747.
190 1386 270 1467 Quia
291 1388 337 1452 iic
358 1387 438 1451 milti
459 1385 549 1463 lubet,
574 1391 668 1464 codd,
692 1397 726 1450 ut
743 1396 842 1469 prima
864 1391 987 1469 dipodie
1010 1413 1046 1451 ex
1061 1393 1217 1470 tribrachy
1271 1445 1274 1453 .

95 1499 122 1552 et
144 1494 263 1570 dactylo
287 1499 411 1553 constet.
457 1493 491 1552 R.
515 1493 561 1552 Fl.
588 1493 682 1566 „Quia
704 1493 787 1552 lubet
809 1492 881 1554 ite“.
910 1525 953 1536 --
983 1493 1053 1555 748.
1090 1495 1128 1555 Se
1151 1515 1216 1554 cum

94 1595 281 1673 redemptore
305 1601 473 1672 comparat,
508 1597 559 1672 qui
587 1617 678 1672 quum
706 1595 763 1654 sibi
792 1595 918 1656 confisus
947 1617 1060 1674 suoque
1082 1599 1216 1676 periculo

94 1718 153 1758 rem
175 1701 332 1774 receperit,
363 1705 430 1757 anta
454 1699 619 1758 confectum
642 1701 793 1775 negotium
817 1701 960 1758 rationem
983 1699 1109 1758 reddere
1132 1701 1215 1759 nolit.

93 1831 133 1841 -
152 1802 225 1862 749.
248 1800 424 1860 Mnesilochi
446 1803 545 1878 prims
561 1801 652 1860 verbe
671 1822 736 1860 esse
754 1802 830 1860 vidit
846 1801 881 1862 D.
899 1831 942 1844 -
961 1805 1032 1861 751.
1055 1799 1102 1861 ita
1123 1817 1216 1880 rsepo-

95 1900 169 1962 iium
189 1903 247 1976 est,
271 1905 290 1962 i.
304 1923 329 1962 e.
347 1905 391 1962 ite
407 1923 482 1980 opus
499 1908 552 1976 eet,
577 1903 613 1961 cf.
632 1903 696 1964 Mil.
717 1905 786 1963 525.
821 1904 929 1964 Pseud.
944 1907 1014 1963 996.
1049 1904 1130 1963 Pers.
1145 1907 1217 1964 692.

93 2035 134 2046 -·
161 2007 235 2064 752.
265 2001 382 2066 ibidem
409 2006 504 2064 altera
531 2005 692 2084 producte,
724 2007 758 2064 R.
782 2005 826 2064 Fl.
854 2005 938 2078 „hic“
969 2006 1092 2065 addunt.
1117 2006 1216 2083 Signi-

94 2107 203 2168 ficatur
224 2113 323 2166 autem
347 2108 415 2166 aule
438 2107 541 2166 domus
569 2110 705 2184 proxime
733 2110 813 2166 intre
840 2112 966 2182 ostium,
996 2129 1024 2169 v.
1049 2111 1120 2169 720.
1146 2111 1216 2169 828.

94 2239 134 2250 -
156 2212 230 2270 753.
260 2205 348 2270 Num
371 2206 447 2286 quid
469 2205 579 2269 aliud?
607 2213 803 2287 interroganti
825 2211 1024 2288 respondetur
1046 2206 1124 2283 Hoc,
1148 2214 1166 2270 i.
1191 2231 1217 2271 e.

94 2313 167 2372 nihil
192 2313 328 2389 amplius,
351 2319 385 2371 ut
405 2308 519 2384 „letua“
540 2313 606 2372 Aul.
627 2315 697 2372 255.
732 2312 845 2371 Deinde
870 2317 897 2372 ei
920 2315 951 2371 in
973 2319 1101 2372 mentem
1124 2316 1217 2388 venit,

95 2415 210 2492 aliquid
238 2420 336 2473 temen
365 2415 534 2474 addendum
560 2435 630 2474 esse.
676 2415 749 2474 Post
779 2411 871 2475 etiam
900 2415 999 2474 hiatus
1026 2417 1057 2474 in
1086 2416 1217 2489 diaeresi3

96 2517 129 2578 R.
151 2514 255 2590 „hoc“‚
279 2519 397 2577 Mulier.
422 2515 500 2590 „ibi“
523 2517 617 2576 addit.
635 2547 677 2561 -·
697 2520 768 2577 756.
793 2512 968 2596 Ραφὶαηιαθ
992 2519 1092 2593 codd.;
1119 2519 1219 2596 „Euge
1310 2525 1311 2530 ’

97 2617 215 2680 eamus“
231 2619 417 2680 Camerarius
440 2619 519 2696 apud
537 2619 714 2694 Gruterum
738 2620 790 2678 sed
812 2627 854 2680 sic
876 2641 980 2680 versus
1002 2623 1081 2679 iusto
1104 2622 1220 2698 longior

96 2723 137 2795 fit,
156 2736 250 2800 quare
268 2723 368 2780 Herm.
381 2723 417 2782 R.
430 2723 492 2781 Fi:
519 2722 598 2796 „Vos
620 2729 723 2782 curate
745 2718 910 2796 vostrum“,
934 2725 1044 2782 omisso
1068 2718 1218 2796 offitium.

96 2826 157 2885 Hoc
181 2827 280 2884 omitti
308 2846 368 2886 non
397 2825 506 2882 debere
533 2831 612 2884 recte
635 2828 848 2886 animadvertit
870 2826 988 2884 Miiller.
1013 2826 1056 2885 Pl.
1081 2827 1166 2885 Pros.
1189 2846 1219 2902 p.

97 2931 172 3001 2713
198 2948 251 2986 nos
274 2948 340 2986 cum
364 2948 398 2986 eo
422 2928 596 3003 simpliciter
617 2922 741 2988 Eamus
763 2929 945 3004 scripsimus.

182 3033 254 3090 757.
279 3031 439 3108 Postquam
463 3029 601 3088 abierunt
618 3031 832 3102 adulescentes,
857 3049 959 3088 servus
978 3049 1075 3087 secum
1094 3031 1221 3087 senariis
1272 3065 1275 3070 -

96 3133 238 3209 loquitur.
297 3128 469 3206 „Insanum
496 3153 551 3208 pro
580 3133 697 3204 insane,
731 3137 765 3190 ut
794 3134 922 3189 immane
955 3151 1010 3207 pro
1044 3134 1221 3189 immaniter.

97 3235 221 3294 Plautus
250 3235 439 3295 Nervularia:
474 3238 612 3294 insanum
640 3235 728 3292 ualde
757 3239 883 3310 uterque
912 3229 1060 3305 deamat“,
1089 3233 1166 3292 Non.
1190 3253 1220 3308 p.

99 3341 173 3411 127,
210 3339 246 3397 cf.
275 3337 360 3397 Festi
390 3337 472 3415 Epit.
496 3359 525 3414 p.
544 3340 627 3396 '1132
666 3337 823 3410 „Insanum
855 3331 1018 3410 [magnum]
1048 3355 1102 3412 pro
1131 3335 1220 3393 ualde

97 3460 237 3516 magnum
260 3461 329 3500 usus
353 3445 399 3498 est
421 3438 576 3499 Plautus“.
622 3440 665 3499 cf.
689 3440 779 3498 Most.
804 3441 880 3498 893:
907 3440 1059 3514 „porticus
1082 3441 1219 3498 insenum

96 3542 205 3602 bona“.
252 3543 315 3602 Mil.
341 3545 395 3601 24:
429 3545 583 3614 „insenum
605 3541 711 3602 bene“.
754 3539 848 3616 (Trio.
874 3543 949 3601 673:
983 3543 1137 3614 „insenum
1160 3561 1220 3599 ma·

97 3643 285 3718 lumst“.)-
305 3647 376 3705 758.
398 3642 540 3721 possiem
558 3645 592 3718 B,
616 3665 681 3721 quae
711 3645 805 3702 forma
829 3664 899 3702 num
923 3643 952 3702 h.
975 3644 996 3701 l.
1020 3645 1091 3720 poni
1118 3645 1221 3721 possit,

81 3727 217 3808 ¹dubitat
240 3749 369 3820 Miller,
394 3748 515 3806 Nachtr.
539 3767 569 3824 p.
595 3750 649 3820 833
672 3751 736 3824 ipse
763 3749 892 3824 „possim
915 3743 965 3803 id“
990 3749 1157 3823 proposuit.
1181 3776 1224 3788 -

99 3853 169 3910 760.
194 3849 316 3927 Syllaba
343 3850 443 3922 desst3
478 3849 558 3908 Cum.
590 3870 686 3923 „nunc
708 3846 806 3920 huic“‚
838 3849 936 3908 Herm.
960 3848 1096 3906 Miller:
1136 3849 1224 3918 „hnic

97 3951 205 4026 nunc“,
229 3953 264 4012 R.
292 3949 427 4025 „huice“.
450 3983 493 3994 —
522 3955 592 4010 761.
627 3953 689 4010 Aut
718 3951 833 4028 aliquid
862 3951 959 4023 deest,
995 3956 1047 4008 aut
1070 3951 1170 4007 hiatur
1193 3951 1223 4007 in

99 4075 211 4114 caesura
224 4063 254 4114 et
265 4051 319 4115 ubi
331 4057 458 4114 alterum
475 4055 623 4132 producit.
658 4054 692 4113 R.
705 4055 750 4114 Fl.
768 4053 836 4126 „ubi
855 4073 901 4112 me
918 4057 1023 4112 contro
1040 4048 1222 4128 aspexerit“.

98 4157 232 4217 Mollem
270 4158 340 4229 „ubi
364 4153 656 4236 6666166162-
686 4157 756 4216 762.
786 4156 859 4214 Post
882 4150 971 4214 illum
993 4155 1093 4212 hiatus
1117 4156 1147 4211 in
1171 4171 1225 4212 ce·

98 4279 181 4333 suro3
217 4259 331 4320 Comer.
360 4257 499 4332 „illunc“.
552 4251 708 4331 UorsabO,
733 4253 770 4316 cf.
794 4257 866 4316 Cist.
892 4259 947 4316 95:
985 4257 1044 4330 „Ut
1066 4275 1120 4333 ego
1141 4256 1226 4313 illum

97 4359 284 4422 uorsareml“
348 4363 430 4422 Pers.
462 4364 538 4421 793:
582 4360 665 4436 „Quo
700 4360 787 4419 modo
823 4379 870 4418 ms
903 4357 990 4417 hodie
1019 4353 1221 4417 6666616ῐὶ8ι
