2956 5010
262 483 322 544 574
757 473 894 530 Curculio.

260 675 328 733 sint.
363 671 412 730 Sio
428 672 544 730 solatur
560 689 627 729 eum
649 673 796 742 timorem,
821 689 909 747 quem
932 677 1118 748 conceperat,
1143 691 1180 730 ne
1201 675 1369 748 argentarius

261 783 419 852 antequam
444 773 545 832 decem
568 773 635 832 illas
652 775 757 845 minas,
782 791 855 850 quas
871 777 1053 848 promiserat
1071 769 1112 846 (v.
1132 773 1217 847 525),
1240 776 1369 848 solvisset,
1463 772 1464 810 l

260 881 292 937 in
315 878 436 937 exilium
460 877 570 948 abiret,
606 877 649 933 ita
664 873 776 934 samen
804 881 839 933 ut
866 877 966 934 statim
995 883 1098 953 petere
1125 879 1211 936 malit
1239 899 1317 956 quam
1344 880 1370 935 in

261 983 421 1040 crastiuum
446 978 575 1038 differre.
592 1007 636 1016 -
662 980 732 1037 558.
762 975 807 1036 Fl.
826 977 934 1037 edidit:
972 971 1088 1057 „[post]
1113 981 1185 1038 mihi
1208 983 1238 1039 iu
1260 987 1371 1038 mentem

259 1081 380 1154 uenit“;
404 1081 528 1159 quodsi
547 1079 615 1139 ideo
634 1081 720 1152 looit,
744 1101 780 1138 55
798 1099 930 1158 praesens
947 1075 1082 1157 (petant)
1104 1083 1265 1159 perlectum
1282 1103 1372 1159 seque·

260 1195 359 1257 retur,
395 1205 422 1243 v.
447 1183 485 1241 sd
512 1183 621 1260 Amph.
649 1185 719 1242 lea.
750 1212 787 1222 -
826 1187 896 1243 559.
925 1184 1034 1259 petam
1062 1183 1085 1242 B
1115 1205 1152 1244 ex
1185 1189 1371 1257 correctioue;

261 1289 358 1347 fuerat
383 1283 515 1364 „petat“.
537 1313 579 1328 ··-
604 1287 674 1344 560.
701 1281 870 1358 Iusseram,
893 1286 1041 1362 iubebsm,
1065 1288 1102 1346 ol.
1123 1291 1197 1348 425.
1237 1289 1372 1361 Queritur,

262 1391 342 1469 quod
363 1391 431 1448 leno
454 1409 514 1448 non
537 1391 636 1446 statim
659 1407 691 1446 55
713 1389 825 1448 viderit
847 1394 879 1446 et
901 1391 1028 1447 salntem
1051 1389 1228 1450 reddiderit.
1277 1391 1374 1448 Verum
1410 1447 1414 1452 .
1464 1367 1465 1408 l

262 1495 317 1552 hoc
341 1513 378 1551 no
401 1497 585 1570 spectatores
613 1489 734 1566 quidem
766 1491 953 1550 audiverunt.
1005 1491 1102 1564 Quare
1125 1493 1278 1552 Aoidelius
1304 1499 1374 1551 recte

261 1591 408 1656 iusserim
436 1595 590 1682 scripsisse
617 1591 738 1652 ridetur
770 1599 822 1666 ,ut
850 1595 998 1672 exprimat
1020 1594 1205 1654 fastidiosam
1228 1603 1258 1654 et
1278 1599 1375 1654 iratam

260 1695 499 1758 salutationem“.
545 1695 600 1754 Est
623 1697 700 1753 enirn
723 1699 929 1756 ooniunotivus
951 1716 1010 1754 non
1033 1698 1105 1756 sotis
1128 1700 1259 1774 soientis,
1281 1705 1373 1757 utrum

261 1802 392 1860 salutare
415 1799 488 1857 velit
510 1819 548 1857 an
571 1819 640 1858 non.
670 1829 711 1840 -
741 1801 811 1858 561.
846 1799 927 1857 Leno
956 1801 998 1856 ite
1021 1803 1200 1858 sententiam
1224 1821 1307 1860 orsus
1329 1809 1377 1872 est,

262 1907 346 1980 quasi
368 1903 493 1960 militem
517 1901 554 1959 ad
577 1920 680 1958 oenum
703 1902 886 1960 invitaturus
908 1907 1001 1972 esset,
1032 1902 1068 1961 ol.
1093 1902 1199 1961 Beooh.
1226 1905 1300 1974 534;
1332 1903 1378 1960 556
1465 1925 1466 1930 “

262 2008 339 2081 παρὰ
361 2004 528 2080 προσδοκίαν
551 2005 732 2062 eontrarium
757 2004 830 2062 dicit
862 2001 911 2076 (of.
936 2003 973 2060 ad
996 2005 1079 2063 Asin.
1105 1998 1197 2081 875),
1227 2027 1264 2064 55
1291 2000 1380 2065 salam

262 2107 382 2185 quidem
404 2109 469 2165 lore
491 2113 525 2163 ut
549 2105 630 2183 apud
651 2125 682 2163 55
706 2100 851 2182 delinqui,
876 2106 912 2164 ol.
933 2103 1013 2165 Pers.
1034 2109 1112 2166 431:
1140 2108 1225 2182 „Nisi
1248 2129 1294 2166 me
1315 2109 1380 2166 hasa

264 2207 394 2285 (lingue)
427 2209 583 2272 defendet.
624 2227 783 2284 numquam
812 2208 945 2282 delinget
972 2207 1095 2269 ualem“.
1125 2240 1168 2250 —
1198 2213 1269 2270 563.
1302 2206 1382 2270 Bata

262 2328 357 2372 uotae
380 2317 425 2371 555
447 2315 572 2369 comiter
594 2311 762 2382 abnuentis,
786 2310 822 2368 of.
847 2310 925 2368 Men.
951 2313 1011 2372 380
1021 2335 1037 2370 :·
1066 2311 1165 2386 „Bene
1188 2333 1296 2386 nooas;
1327 2321 1381 2371 tam

263 2411 421 2491 gratiast“.
455 2414 640 2472 Meraeae:
669 2412 768 2485 ,Bene
790 2431 893 2485 uooas3
916 2413 1042 2492 benigne
1066 2413 1170 2475 diois“.
1209 2418 1318 2476 vocata
1338 2431 1382 2474 res
1466 2471 1467 2476 ,

263 2518 311 2576 est
328 2515 497 2588 Lambinus,
522 2535 610 2593 quem
627 2517 720 2573 oeteri
738 2517 821 2591 sequi
839 2515 989 2590 videntur,
1013 2520 1056 2576 ita
1075 2520 1222 2595 explicat:
1250 2525 1381 2592 „vocatus

225 2667 230 2679 .
261 2640 292 2678 es
316 2639 375 2677 non
398 2619 436 2676 ad
459 2637 574 2690 oenam,
609 2617 660 2675 sed
694 2617 732 2675 ad
759 2618 870 2676 malum
900 2627 930 2676 55
957 2619 1137 2678 miseriam“.
1194 2621 1253 2679 Sed
1282 2622 1382 2698 legitur

264 2717 362 2795 „res“,
385 2740 445 2779 non
468 2717 550 2792 „tu“.
586 2719 804 2796 compararunt
815 2719 909 2781 Stich.
923 2723 995 2792 472,
1018 2723 1069 2780 ubi
1086 2723 1246 2798 legebatur
1266 2729 1381 2796 „uocata

261 2829 308 2883 est
335 2819 456 2900 opera“,
492 2822 544 2880 sed
572 2823 615 2879 ibi
645 2842 680 2880 ex
703 2822 902 2882 Ambrosiano
932 2831 1098 2882 oorreotum
1129 2831 1175 2884 est
1200 2826 1318 2896 ,locata
1343 2831 1382 2883 555

260 2921 383 3004 opera“.
429 2925 516 2997 Quod
539 2925 688 3003 quomodo
707 2924 751 2983 Fl.
773 2925 804 2983 in
827 2925 904 2984 huno
927 2947 1046 3004 quoque
1070 2927 1167 2984 locum
1191 2927 1381 2998 transtulerit,

259 3033 295 3086 ut
311 3027 468 3086 scriberet:
495 3028 612 3101 „locuta
629 3047 677 3084 res
694 3025 769 3099 est“,
794 3047 852 3085 non
871 3029 1015 3102 intelligo.
1051 3029 1119 3086 Meo
1138 3029 1261 3105 quidem
1280 3031 1382 3088 iudicio

259 3131 450 3190 scribendum
472 3137 518 3188 est
539 3127 686 3189 irtaacala
708 3144 762 3188 res
784 3129 844 3203 θεὴ
873 3151 943 3189 nam
972 3133 1117 3190 contrarii
1140 3132 1255 3208 aliquid
1279 3131 1380 3200 afferri,

262 3236 433 3292 oouiunotio
454 3248 564 3291 aarum
586 3232 728 3290 ostendit.
771 3231 851 3290 Bene
873 3253 972 3306 uoces,
996 3235 1108 3310 inquit;
1143 3233 1195 3292 sed
1219 3237 1382 3293 invocatum

261 3343 320 3408 555,
355 3341 390 3394 55
411 3335 468 3394 tibi
491 3336 568 3393 male
591 3336 646 3406 sit,
681 3337 700 3392 i.
725 3355 749 3392 5.
774 3336 838 3392 sine
860 3339 1016 3394 vocatione
1045 3343 1097 3395 aut
1123 3338 1305 3395 invitatione
1333 3335 1383 3394 tibi

260 3439 340 3496 mals
363 3439 430 3496 erit.
453 3467 493 3477 -
519 3439 589 3495 564.
612 3452 715 3496 meum
736 3433 980 3510 meradmanlum,
1004 3438 1106 3515 puella
1128 3459 1218 3514 quam
1242 3445 1383 3497 mercatus

261 3561 340 3611 sum,
371 3541 407 3598 ol.
431 3539 520 3598 Most.
546 3541 617 3610 889,
642 3539 680 3598 al.
704 3568 746 3578 -
771 3541 840 3599 565.
871 3555 910 3598 aa
938 3533 1039 3613 faciae
1068 3537 1156 3600 lestis
1184 3541 1383 3619 parenthetica

260 3643 477 3718 interponitur,
511 3641 573 3698 noli
601 3641 731 3699 clamare
762 3647 792 3700 55
820 3647 912 3700 testes
940 3641 1097 3700 advocare.
1120 3671 1163 3681 -
1194 3646 1265 3703 568.
1301 3637 1383 3703 iubeo

261 3743 390 3815 Camer.;
412 3739 574 3817 uapulare,
597 3763 624 3804 v.
649 3743 687 3801 ed
710 3747 792 3803 Asin.
818 3745 890 3802 475.
914 3771 957 3784 -
981 3745 1052 3802 569.
1084 3738 1236 3818 auferere,
1261 3749 1306 3804 ita
1326 3766 1383 3804 ver

260 3847 382 3904 boribus
405 3843 544 3916 affectus,
579 3853 613 3904 ut
640 3848 700 3904 tuis
730 3846 856 3925 pedibus
886 3847 969 3904 abiro
991 3865 1052 3905 non
1074 3849 1185 3924 possis,
1220 3849 1257 3907 of.
1283 3849 1381 3924 Amph.

263 3951 333 4007 354.
350 3977 392 3988 -
414 3949 484 4006 570.
509 3941 599 4007 Male
621 3945 707 4024 loqui
729 3950 800 4007 olim
823 3949 1021 4007 emendatum.
1040 3977 1083 3990 --
1103 3953 1174 4008 571.
1198 3945 1286 4022 arilei,
1310 3949 1382 4026 quod

260 4049 284 4107 B
315 4057 446 4108 extremo
476 4053 577 4108 versui
605 4051 705 4124 addit,
736 4072 772 4110 ex
799 4054 934 4129 proximo
963 4053 1093 4126 irrepsit.
1150 4052 1185 4110 ln
1208 4058 1278 4111 oett.
1302 4051 1381 4111 oodd.

263 4152 341 4225 „Sed
364 4151 440 4210 dabo
464 4153 554 4211 mihi“
575 4156 703 4230 proximi
722 4156 841 4212 initium
858 4154 986 4225 faciunt,
1000 4153 1089 4212 'unde
1107 4155 1202 4213 turbu
1223 4155 1382 4213 editionum

260 4260 333 4311 ortae
355 4261 433 4312 sunt.
451 4283 494 4294 -
514 4257 583 4315 573.
608 4251 761 4333 Meaeque
778 4263 846 4315 oett.
865 4255 950 4314 codd.
968 4264 1000 4313 et
1016 4255 1050 4314 B.
1069 4276 1162 4328 oorr.;
1186 4253 1285 4316 555555
1305 4261 1380 4316 item.

253 4369 383 4432 paginae
398 4349 583 4430 proeliares,
607 4361 626 4416 i.
646 4379 671 4416 s.
689 4359 812 4416 bellice.
859 4355 1001 4432 optritae,
1026 4357 1062 4418 of.
1081 4358 1139 4417 Cic.
1154 4358 1238 4418 Verr.
1252 4359 1286 4432 V,
1307 4362 1332 4431 l,
1350 4360 1380 4414 a:
