2928 5010
95 493 273 563 sstem—er
560 493 721 548 Bacchides.

514 681 772 750 Pistoclerus
853 735 855 738 -

95 791 222 858 Obsecro
245 791 366 871 hercle,
390 790 553 876 eloquere,
576 795 649 877 quis
671 793 700 858 is
724 793 796 858 est?

502 921 782 990 Mnesilochus

792 1030 998 1098 Beueuolens
1020 1032 1105 1097 uiuit
1126 1031 1203 1113 tibi;

92 1139 163 1204 Nem
186 1141 219 1204 ui
240 1140 289 1204 ita
312 1145 409 1218 esset,
432 1145 542 1205 tecum
566 1159 694 1205 orarem
717 1145 764 1219 ut,
787 1139 817 1204 ei
840 1139 925 1221 quod
948 1160 1060 1223 posses
1083 1140 1162 1204 muli

93 1247 211 1326 Fecere,
234 1247 370 1314 laceres.

516 1356 772 1422 Pistoclerus

390 1464 451 1528 Dic
474 1463 570 1529 modo
594 1465 768 1542 hominem,
793 1465 849 1548 qui
873 1463 933 1544 sit,
958 1465 985 1528 si
1007 1485 1073 1529 uon
1095 1461 1204 1529 fecero

90 1571 124 1636 Ei
145 1571 227 1637 niele
251 1572 363 1656 aliquo
388 1579 493 1656 pecto,
516 1593 567 1638 me
591 1591 670 1642 esse.
686 1572 785 1636 dicito
808 1573 1076 1654 ignauissumum.

508 1699 784 1768 Mnesilochus

90 1810 227 1896 Nequam
250 1812 391 1889 homost,
414 1833 528 1877 uerum
551 1809 662 1874 hercle
686 1812 810 1876 amicus
833 1811 973 1877 esttibi.

518 1941 774 2006 Pistoclerus

899 2049 1005 2115 Tanto
1029 2051 1132 2132 magis
1156 2065 1207 2119 555

91 2155 151 2236 Dic,
175 2159 246 2240 quis
269 2165 334 2238 est3
363 2179 505 2243 nequam
529 2157 669 2222 hominis
692 2177 751 2239 ego
776 2159 869 2240 perui
891 2157 998 2241 pendo
1020 2158 1170 2241 gretiam.

501 2286 780 2353 Mnesilochus

92 2393 186 2460 Uideo
209 2417 274 2462 uon
298 2403 440 2480 potesse,
464 2397 541 2478 quin
565 2395 627 2460 tibi
650 2397 720 2462 eius
742 2417 862 2462 nomen
886 2397 1031 2480 eloquar.

92 2501 273 2578 Pistoclere,
298 2504 469 2588 perdidisti
493 2527 543 2570 rue
566 2504 713 2570 sodalem
735 2503 893 2571 funditus.

400 2661 406 2668 ·
518 2630 775 2696 Pistoclerus

93 2735 169 2812 Quid
192 2738 277 2801 istuc
301 2737 371 2802 est?

510 2845 787 2912 Mnesilochus

265 2951 352 3030 Quid
375 2955 439 3018 sit?
474 2953 590 3018 Mieine
614 2975 672 3036 ego
696 2955 738 3019 ad
762 2961 795 3019 te
819 2975 858 3020 ex
881 2955 1011 3039 Epheso
1034 2957 1209 3042 epistulam

97 3055 193 3142 Super
216 3063 330 3140 amics,
352 3069 389 3126 ut
411 3063 490 3126 mihi
514 3063 698 3126 inuenires?

519 3169 775 3235 Pistoclerus

645 3277 766 3342 Fateor
786 3277 910 3343 factum
935 3285 968 3344 et
990 3280 1128 3363 repperi.
1159 3297 1210 3349 560

503 3385 789 3451 Mnesilochus

95 3486 181 3570 Quid,
203 3492 264 3556 tibi
287 3515 353 3559 uon
377 3501 450 3560 erat
471 3495 678 3560 meretricum
702 3493 842 3558 aliarum
864 3493 1001 3560 Athenis
1024 3496 1129 3578 copia,

94 3595 286 3674 Quibuscum
309 3603 449 3668 haberes
473 3625 551 3680 rem,
580 3605 643 3666 nisi
667 3623 740 3667 cum
763 3601 829 3681 ille,
853 3623 952 3686 quem
975 3623 1035 3686 ego
1058 3601 1211 3668 mendes-

803 3731 871 3776 sem
894 3711 979 3796 tibi,

93 3813 170 3881 Eum
191 3825 226 3883 ut
247 3819 412 3903 occiperes
436 3825 507 3885 tute
531 3839 641 3884 amere
665 3825 698 3884 et
722 3819 765 3882 mi
787 3820 850 3884 ires
874 3820 1060 3886 consultum
1082 3819 1189 3884 mele?

522 3926 779 3993 Pistoclerus

93 4029 195 4098 Sanun
218 4036 276 4100 es?

91 4187 310 4199 ————-fl

154 4289 201 4342 551
221 4288 383 4359 Obsequere
431 4289 546 4358 loquere
594 4291 645 4342 559
663 4287 736 4356 Quid
755 4287 819 4343 est?
871 4305 916 4342 me
934 4286 1035 4343 sineG
1089 4289 1138 4341 561
1159 4287 1212 4355 Qui

93 4371 138 4426 563
153 4373 222 4428 Eam
241 4383 273 4429 ut
291 4390 341 4430 om.
411 4391 456 4430 me
645 4383 646 4388 ’
