<?xml version="1.0" encoding="UTF-8"?>
<!DOCTYPE html PUBLIC "-//W3C//DTD XHTML 1.0 Transitional//EN"
    "http://www.w3.org/TR/xhtml1/DTD/xhtml1-transitional.dtd">
<html xmlns="http://www.w3.org/1999/xhtml" xml:lang="en" lang="en">
 <head>
  <title>
</title>
<meta http-equiv="Content-Type" content="text/html;charset=utf-8" />
  <meta name='ocr-system' content='tesseract 3.04.00' />
  <meta name='ocr-capabilities' content='ocr_page ocr_carea ocr_par ocr_line ocrx_word'/>
</head>
<body>
  <div class='ocr_page' id='page_1' title='image "./tmacciiplautico00ussigoog_0432.png"; bbox 0 0 2916 5006; ppageno 0'>
   <div class='ocr_carea' id='block_1_1' title="bbox 553 497 1211 568">
    <p class='ocr_par' dir='ltr' id='par_1_1' title="bbox 553 497 1211 568">
     <span class='ocr_line' id='line_1_1' title="bbox 553 497 1211 568; baseline -0.002 -16"><span class='ocrx_word' id='word_1_1' title='bbox 553 497 585 552; x_wconf 85' lang='lat' dir='ltr'>V.</span> <span class='ocrx_word' id='word_1_2' title='bbox 604 498 748 552; x_wconf 69' lang='lat' dir='ltr'><strong>cat-sss.</strong></span> <span class='ocrx_word' id='word_1_3' title='bbox 1150 506 1211 568; x_wconf 82' lang='lat'><strong>413</strong></span> 
     </span>
    </p>
   </div>
   <div class='ocr_carea' id='block_1_2' title="bbox 79 693 1213 1286">
    <p class='ocr_par' dir='ltr' id='par_1_2' title="bbox 79 693 1213 1286">
     <span class='ocr_line' id='line_1_2' title="bbox 80 693 1211 774; baseline 0.001 -18"><span class='ocrx_word' id='word_1_4' title='bbox 80 697 258 774; x_wconf 75' lang='lat' dir='ltr'><strong>explorasti,</strong></span> <span class='ocrx_word' id='word_1_5' title='bbox 283 696 318 756; x_wconf 87' lang='lat' dir='ltr'><strong>cf.</strong></span> <span class='ocrx_word' id='word_1_6' title='bbox 339 695 471 754; x_wconf 80' lang='grc' dir='ltr'><strong>11114οε</strong></span> <span class='ocrx_word' id='word_1_7' title='bbox 500 693 642 766; x_wconf 86' lang='lat' dir='ltr'><strong>„Nouisse</strong></span> <span class='ocrx_word' id='word_1_8' title='bbox 665 711 762 751; x_wconf 87' lang='lat' dir='ltr'><strong>morse</strong></span> <span class='ocrx_word' id='word_1_9' title='bbox 783 697 853 752; x_wconf 90' lang='lat' dir='ltr'><strong>tnos</strong></span> <span class='ocrx_word' id='word_1_10' title='bbox 871 713 917 752; x_wconf 87' lang='lat' dir='ltr'><strong>me</strong></span> <span class='ocrx_word' id='word_1_11' title='bbox 935 693 1077 754; x_wconf 84' lang='lat' dir='ltr'><strong>meditate</strong></span> <span class='ocrx_word' id='word_1_12' title='bbox 1095 693 1211 757; x_wconf 84' lang='lat' dir='ltr'><strong>decet“.</strong></span> 
     </span>
     <span class='ocr_line' id='line_1_3' title="bbox 81 792 1213 875; baseline -0.002 -16"><span class='ocrx_word' id='word_1_13' title='bbox 81 800 171 859; x_wconf 86' lang='lat' dir='ltr'><strong>Cure.</strong></span> <span class='ocrx_word' id='word_1_14' title='bbox 197 801 268 857; x_wconf 84' lang='lat'>512.</span> <span class='ocrx_word' id='word_1_15' title='bbox 291 826 334 840; x_wconf 90' lang='lat'><em>-</em></span> <span class='ocrx_word' id='word_1_16' title='bbox 357 798 427 857; x_wconf 86' lang='grc'><strong>546.</strong></span> <span class='ocrx_word' id='word_1_17' title='bbox 452 792 477 856; x_wconf 78' lang='lat' dir='ltr'><strong>il</strong></span> <span class='ocrx_word' id='word_1_18' title='bbox 499 795 736 872; x_wconf 70' lang='lat' dir='ltr'><strong>monosyllabum</strong></span> <span class='ocrx_word' id='word_1_19' title='bbox 759 795 801 868; x_wconf 88' lang='lat' dir='ltr'><strong>fit,</strong></span> <span class='ocrx_word' id='word_1_20' title='bbox 825 796 862 854; x_wconf 85' lang='lat' dir='ltr'><strong>cl.</strong></span> <span class='ocrx_word' id='word_1_21' title='bbox 886 796 1002 874; x_wconf 89' lang='lat' dir='ltr'><strong>Proleg.</strong></span> <span class='ocrx_word' id='word_1_22' title='bbox 1025 819 1055 875; x_wconf 92' lang='lat' dir='ltr'><strong>p.</strong></span> <span class='ocrx_word' id='word_1_23' title='bbox 1080 801 1151 858; x_wconf 90' lang='lat'>212.</span> <span class='ocrx_word' id='word_1_24' title='bbox 1170 829 1213 840; x_wconf 89' lang='lat'><em>-</em></span> 
     </span>
     <span class='ocr_line' id='line_1_4' title="bbox 80 896 1210 978; baseline -0.001 -16"><span class='ocrx_word' id='word_1_25' title='bbox 80 897 249 978; x_wconf 69' lang='lat' dir='ltr'><strong>frustrans</strong></span> <span class='ocrx_word' id='word_1_26' title='bbox 263 900 378 960; x_wconf 82' lang='lat' dir='ltr'><strong>Acidal.</strong></span> <span class='ocrx_word' id='word_1_27' title='bbox 402 899 596 958; x_wconf 71' lang='grc'><strong>111-547.</strong></span> <span class='ocrx_word' id='word_1_28' title='bbox 621 911 717 974; x_wconf 79' lang='lat' dir='ltr'><strong>aeque</strong></span> <span class='ocrx_word' id='word_1_29' title='bbox 739 896 856 956; x_wconf 76' lang='lat' dir='ltr'><strong>addidit</strong></span> <span class='ocrx_word' id='word_1_30' title='bbox 873 897 992 958; x_wconf 84' lang='lat' dir='ltr'><strong>Miiller.</strong></span> <span class='ocrx_word' id='word_1_31' title='bbox 1010 899 1107 960; x_wconf 90' lang='lat' dir='ltr'><strong>Plaut.</strong></span> <span class='ocrx_word' id='word_1_32' title='bbox 1128 900 1210 962; x_wconf 83' lang='lat' dir='ltr'><strong>Pros.</strong></span> 
     </span>
     <span class='ocr_line' id='line_1_5' title="bbox 79 997 1211 1083; baseline 0 -20"><span class='ocrx_word' id='word_1_33' title='bbox 79 1025 111 1083; x_wconf 93' lang='lat' dir='ltr'>p.</span> <span class='ocrx_word' id='word_1_34' title='bbox 136 1006 208 1064; x_wconf 89' lang='grc'><strong>305.</strong></span> <span class='ocrx_word' id='word_1_35' title='bbox 235 1033 277 1044; x_wconf 90' lang='grc'><strong>--</strong></span> <span class='ocrx_word' id='word_1_36' title='bbox 300 1001 370 1063; x_wconf 86' lang='grc'><strong>549.</strong></span> <span class='ocrx_word' id='word_1_37' title='bbox 394 1002 437 1061; x_wconf 89' lang='lat' dir='ltr'><strong>De</strong></span> <span class='ocrx_word' id='word_1_38' title='bbox 461 1003 569 1062; x_wconf 89' lang='lat' dir='ltr'><strong>omisso</strong></span> <span class='ocrx_word' id='word_1_39' title='bbox 596 997 666 1074; x_wconf 84' lang='lat' dir='ltr'><strong>,ut“</strong></span> <span class='ocrx_word' id='word_1_40' title='bbox 692 1000 752 1060; x_wconf 83' lang='lat' dir='ltr'><strong>vid.</strong></span> <span class='ocrx_word' id='word_1_41' title='bbox 775 999 814 1058; x_wconf 85' lang='lat' dir='ltr'><strong>ad</strong></span> <span class='ocrx_word' id='word_1_42' title='bbox 835 999 941 1078; x_wconf 82' lang='lat' dir='ltr'>Amph.</span> <span class='ocrx_word' id='word_1_43' title='bbox 970 1003 1017 1062; x_wconf 92' lang='lat'>12.</span> <span class='ocrx_word' id='word_1_44' title='bbox 1041 1031 1083 1042; x_wconf 91' lang='lat'><em>-</em></span> <span class='ocrx_word' id='word_1_45' title='bbox 1103 999 1211 1063; x_wconf 75' lang='lat' dir='ltr'><strong>incon-</strong></span> 
     </span>
     <span class='ocr_line' id='line_1_6' title="bbox 81 1101 1211 1184; baseline -0.003 -17"><span class='ocrx_word' id='word_1_46' title='bbox 81 1102 217 1167; x_wconf 77' lang='lat' dir='ltr'><strong>ciliaret.</strong></span> <span class='ocrx_word' id='word_1_47' title='bbox 258 1106 340 1164; x_wconf 82' lang='lat' dir='ltr'><strong>Festi</strong></span> <span class='ocrx_word' id='word_1_48' title='bbox 367 1101 449 1184; x_wconf 89' lang='lat' dir='ltr'><strong>Epit.</strong></span> <span class='ocrx_word' id='word_1_49' title='bbox 473 1125 503 1182; x_wconf 89' lang='lat' dir='ltr'><strong>p.</strong></span> <span class='ocrx_word' id='word_1_50' title='bbox 530 1107 605 1163; x_wconf 84' lang='lat'>107:</span> <span class='ocrx_word' id='word_1_51' title='bbox 645 1103 879 1176; x_wconf 84' lang='lat' dir='ltr'><strong>,Inconciliasti,</strong></span> <span class='ocrx_word' id='word_1_52' title='bbox 909 1106 1102 1182; x_wconf 88' lang='lat' dir='ltr'><strong>comparasti,</strong></span> <span class='ocrx_word' id='word_1_53' title='bbox 1135 1126 1211 1166; x_wconf 87' lang='lat' dir='ltr'><strong>com-</strong></span> 
     </span>
     <span class='ocr_line' id='line_1_7' title="bbox 80 1201 1212 1286; baseline 0 -18"><span class='ocrx_word' id='word_1_54' title='bbox 80 1209 243 1282; x_wconf 85' lang='lat' dir='ltr'><strong>mendasti,</strong></span> <span class='ocrx_word' id='word_1_55' title='bbox 266 1208 323 1280; x_wconf 84' lang='lat' dir='ltr'><strong>vel,</strong></span> <span class='ocrx_word' id='word_1_56' title='bbox 347 1215 380 1267; x_wconf 88' lang='lat' dir='ltr'><strong>ut</strong></span> <span class='ocrx_word' id='word_1_57' title='bbox 398 1209 522 1284; x_wconf 90' lang='lat' dir='ltr'><strong>antiqui,</strong></span> <span class='ocrx_word' id='word_1_58' title='bbox 546 1225 601 1283; x_wconf 90' lang='lat' dir='ltr'><strong>per</strong></span> <span class='ocrx_word' id='word_1_59' title='bbox 623 1206 724 1264; x_wconf 87' lang='lat' dir='ltr'><strong>dolum</strong></span> <span class='ocrx_word' id='word_1_60' title='bbox 743 1201 919 1283; x_wconf 86' lang='lat' dir='ltr'><strong>decepisti“,</strong></span> <span class='ocrx_word' id='word_1_61' title='bbox 939 1227 1065 1284; x_wconf 87' lang='lat' dir='ltr'><strong>quorum</strong></span> <span class='ocrx_word' id='word_1_62' title='bbox 1083 1213 1113 1267; x_wconf 92' lang='lat' dir='ltr'><strong>et</strong></span> <span class='ocrx_word' id='word_1_63' title='bbox 1129 1211 1212 1286; x_wconf 84' lang='lat' dir='ltr'><strong>prius</strong></span> 
     </span>
    </p>
   </div>
   <div class='ocr_carea' id='block_1_3' title="bbox 78 1310 1233 4459">
    <p class='ocr_par' dir='ltr' id='par_1_3' title="bbox 80 1310 1213 1901">
     <span class='ocr_line' id='line_1_8' title="bbox 80 1310 1210 1390; baseline 0 -20"><span class='ocrx_word' id='word_1_64' title='bbox 80 1330 260 1390; x_wconf 84' lang='lat' dir='ltr'><strong>perversum</strong></span> <span class='ocrx_word' id='word_1_65' title='bbox 293 1315 352 1382; x_wconf 90' lang='lat' dir='ltr'><strong>est,</strong></span> <span class='ocrx_word' id='word_1_66' title='bbox 387 1330 440 1369; x_wconf 88' lang='lat' dir='ltr'><strong>neo</strong></span> <span class='ocrx_word' id='word_1_67' title='bbox 468 1310 594 1368; x_wconf 85' lang='lat' dir='ltr'><strong>alterum</strong></span> <span class='ocrx_word' id='word_1_68' title='bbox 622 1311 750 1379; x_wconf 82' lang='lat' dir='ltr'><strong>rectum3</strong></span> <span class='ocrx_word' id='word_1_69' title='bbox 785 1328 852 1366; x_wconf 90' lang='lat' dir='ltr'><strong>uam</strong></span> <span class='ocrx_word' id='word_1_70' title='bbox 882 1314 997 1369; x_wconf 86' lang='lat' dir='ltr'><strong>ceteros</strong></span> <span class='ocrx_word' id='word_1_71' title='bbox 1028 1315 1210 1386; x_wconf 87' lang='lat' dir='ltr'><strong>comparaut‘</strong></span> 
     </span>
     <span class='ocr_line' id='line_1_9' title="bbox 80 1409 1212 1491; baseline 0 -18"><span class='ocrx_word' id='word_1_72' title='bbox 80 1415 189 1473; x_wconf 89' lang='lat' dir='ltr'><strong>Plauti</strong></span> <span class='ocrx_word' id='word_1_73' title='bbox 210 1414 306 1484; x_wconf 90' lang='lat' dir='ltr'><strong>locos,</strong></span> <span class='ocrx_word' id='word_1_74' title='bbox 335 1411 425 1472; x_wconf 88' lang='lat' dir='ltr'><strong>Most.</strong></span> <span class='ocrx_word' id='word_1_75' title='bbox 451 1413 526 1472; x_wconf 81' lang='lat'>603:</span> <span class='ocrx_word' id='word_1_76' title='bbox 564 1431 620 1485; x_wconf 91' lang='lat' dir='ltr'><strong>„ne</strong></span> <span class='ocrx_word' id='word_1_77' title='bbox 649 1409 840 1469; x_wconf 87' lang='lat' dir='ltr'><strong>inconciliare</strong></span> <span class='ocrx_word' id='word_1_78' title='bbox 869 1411 941 1488; x_wconf 90' lang='lat' dir='ltr'><strong>quid</strong></span> <span class='ocrx_word' id='word_1_79' title='bbox 969 1431 1023 1472; x_wconf 91' lang='lat' dir='ltr'><strong>nos</strong></span> <span class='ocrx_word' id='word_1_80' title='bbox 1045 1431 1135 1491; x_wconf 86' lang='lat' dir='ltr'><strong>porro</strong></span> <span class='ocrx_word' id='word_1_81' title='bbox 1158 1433 1212 1491; x_wconf 91' lang='lat' dir='ltr'><strong>po·</strong></span> 
     </span>
     <span class='ocr_line' id='line_1_10' title="bbox 82 1511 1211 1590; baseline -0.001 -14"><span class='ocrx_word' id='word_1_82' title='bbox 82 1511 214 1590; x_wconf 90' lang='lat' dir='ltr'><strong>stules“,</strong></span> <span class='ocrx_word' id='word_1_83' title='bbox 238 1515 319 1574; x_wconf 86' lang='lat' dir='ltr'><strong>Pars.</strong></span> <span class='ocrx_word' id='word_1_84' title='bbox 334 1515 411 1574; x_wconf 81' lang='lat'>831:</span> <span class='ocrx_word' id='word_1_85' title='bbox 437 1533 516 1588; x_wconf 87' lang='lat' dir='ltr'><strong>„non</strong></span> <span class='ocrx_word' id='word_1_86' title='bbox 532 1514 743 1584; x_wconf 90' lang='lat' dir='ltr'><strong>inconcilisuit,</strong></span> <span class='ocrx_word' id='word_1_87' title='bbox 768 1533 856 1589; x_wconf 91' lang='lat' dir='ltr'><strong>quom</strong></span> <span class='ocrx_word' id='word_1_88' title='bbox 875 1518 905 1572; x_wconf 87' lang='lat' dir='ltr'><strong>te</strong></span> <span class='ocrx_word' id='word_1_89' title='bbox 922 1517 1018 1589; x_wconf 86' lang='lat' dir='ltr'><strong>smo“,</strong></span> <span class='ocrx_word' id='word_1_90' title='bbox 1039 1516 1119 1576; x_wconf 86' lang='lat' dir='ltr'><strong>Trin.</strong></span> <span class='ocrx_word' id='word_1_91' title='bbox 1136 1518 1211 1575; x_wconf 81' lang='lat'>136:</span> 
     </span>
     <span class='ocr_line' id='line_1_11' title="bbox 86 1611 1213 1696; baseline 0 -19"><span class='ocrx_word' id='word_1_92' title='bbox 86 1619 348 1694; x_wconf 88' lang='lat' dir='ltr'><strong>„inconciliastine</strong></span> <span class='ocrx_word' id='word_1_93' title='bbox 383 1636 458 1690; x_wconf 85' lang='lat' dir='ltr'><strong>eum,</strong></span> <span class='ocrx_word' id='word_1_94' title='bbox 493 1619 544 1694; x_wconf 91' lang='lat' dir='ltr'><strong>qui</strong></span> <span class='ocrx_word' id='word_1_95' title='bbox 578 1615 753 1674; x_wconf 72' lang='lat' dir='ltr'><strong>mandatust</strong></span> <span class='ocrx_word' id='word_1_96' title='bbox 785 1611 883 1673; x_wconf 82' lang='lat' dir='ltr'><strong>tihi?“</strong></span> <span class='ocrx_word' id='word_1_97' title='bbox 920 1617 1080 1694; x_wconf 75' lang='lat' dir='ltr'><strong>apparebit</strong></span> <span class='ocrx_word' id='word_1_98' title='bbox 1113 1621 1213 1696; x_wconf 87' lang='lat' dir='ltr'><strong>potius</strong></span> 
     </span>
     <span class='ocr_line' id='line_1_12' title="bbox 86 1715 1212 1797; baseline 0 -17"><span class='ocrx_word' id='word_1_99' title='bbox 86 1721 264 1797; x_wconf 81' lang='lat' dir='ltr'><strong>„molestias</strong></span> <span class='ocrx_word' id='word_1_100' title='bbox 283 1715 442 1778; x_wconf 82' lang='lat' dir='ltr'><strong>exbibere“</strong></span> <span class='ocrx_word' id='word_1_101' title='bbox 467 1725 519 1778; x_wconf 87' lang='lat' dir='ltr'><strong>aut</strong></span> <span class='ocrx_word' id='word_1_102' title='bbox 541 1719 636 1778; x_wconf 90' lang='lat' dir='ltr'><strong>simile</strong></span> <span class='ocrx_word' id='word_1_103' title='bbox 660 1717 733 1795; x_wconf 90' lang='lat' dir='ltr'><strong>quid</strong></span> <span class='ocrx_word' id='word_1_104' title='bbox 754 1715 936 1793; x_wconf 80' lang='lat' dir='ltr'><strong>significar03</strong></span> <span class='ocrx_word' id='word_1_105' title='bbox 965 1721 1096 1796; x_wconf 84' lang='lat' dir='ltr'><strong>proprie,</strong></span> <span class='ocrx_word' id='word_1_106' title='bbox 1116 1721 1212 1795; x_wconf 88' lang='lat' dir='ltr'><strong>credo,</strong></span> 
     </span>
     <span class='ocr_line' id='line_1_13' title="bbox 85 1817 1011 1901; baseline -0.003 -18"><span class='ocrx_word' id='word_1_107' title='bbox 85 1828 140 1901; x_wconf 87' lang='lat' dir='ltr'><strong>„in</strong></span> <span class='ocrx_word' id='word_1_108' title='bbox 163 1823 323 1882; x_wconf 91' lang='lat' dir='ltr'><strong>concilium</strong></span> <span class='ocrx_word' id='word_1_109' title='bbox 344 1819 484 1900; x_wconf 87' lang='lat' dir='ltr'><strong>urgers“,</strong></span> <span class='ocrx_word' id='word_1_110' title='bbox 508 1821 539 1878; x_wconf 88' lang='lat' dir='ltr'><strong>id</strong></span> <span class='ocrx_word' id='word_1_111' title='bbox 562 1827 607 1880; x_wconf 89' lang='lat' dir='ltr'><strong>est</strong></span> <span class='ocrx_word' id='word_1_112' title='bbox 630 1827 729 1878; x_wconf 90' lang='lat' dir='ltr'><strong>autem</strong></span> <span class='ocrx_word' id='word_1_113' title='bbox 754 1821 804 1895; x_wconf 89' lang='lat' dir='ltr'><strong>„in</strong></span> <span class='ocrx_word' id='word_1_114' title='bbox 827 1817 1011 1894; x_wconf 86' lang='lat' dir='ltr'><strong>augustias“.</strong></span> 
     </span>
    </p>

    <p class='ocr_par' dir='ltr' id='par_1_4' title="bbox 78 1919 1233 4459">
     <span class='ocr_line' id='line_1_14' title="bbox 176 1919 1212 2000; baseline 0.001 -17"><span class='ocrx_word' id='word_1_115' title='bbox 176 1928 247 1985; x_wconf 91' lang='grc'><strong>550.</strong></span> <span class='ocrx_word' id='word_1_116' title='bbox 270 1919 317 1984; x_wconf 82' lang='lat' dir='ltr'><strong>Et</strong></span> <span class='ocrx_word' id='word_1_117' title='bbox 339 1924 442 1984; x_wconf 90' lang='lat' dir='ltr'><strong>addidi</strong></span> <span class='ocrx_word' id='word_1_118' title='bbox 465 1945 530 1983; x_wconf 91' lang='lat' dir='ltr'><strong>cum</strong></span> <span class='ocrx_word' id='word_1_119' title='bbox 554 1923 689 2000; x_wconf 76' lang='lat' dir='ltr'><strong>Seyffert.</strong></span> <span class='ocrx_word' id='word_1_120' title='bbox 716 1922 800 1981; x_wconf 91' lang='lat' dir='ltr'><strong>Stud.</strong></span> <span class='ocrx_word' id='word_1_121' title='bbox 824 1941 853 1998; x_wconf 89' lang='lat' dir='ltr'><strong>p.</strong></span> <span class='ocrx_word' id='word_1_122' title='bbox 881 1924 928 1996; x_wconf 91' lang='lat'><strong>12,</strong></span> <span class='ocrx_word' id='word_1_123' title='bbox 952 1923 1018 1982; x_wconf 91' lang='lat' dir='ltr'><strong>coll.</strong></span> <span class='ocrx_word' id='word_1_124' title='bbox 1037 1924 1122 1984; x_wconf 84' lang='lat' dir='ltr'><strong>(lure.</strong></span> <span class='ocrx_word' id='word_1_125' title='bbox 1141 1927 1212 1986; x_wconf 88' lang='grc'><strong>683.</strong></span> 
     </span>
     <span class='ocr_line' id='line_1_15' title="bbox 85 2019 1212 2100; baseline 0.001 -13"><span class='ocrx_word' id='word_1_126' title='bbox 85 2030 160 2088; x_wconf 91' lang='grc'><strong>657.</strong></span> <span class='ocrx_word' id='word_1_127' title='bbox 180 2028 318 2100; x_wconf 82' lang='grc'><strong>673.11.;</strong></span> <span class='ocrx_word' id='word_1_128' title='bbox 341 2027 487 2086; x_wconf 85' lang='lat' dir='ltr'><strong>Miillerus</strong></span> <span class='ocrx_word' id='word_1_129' title='bbox 511 2041 579 2086; x_wconf 83' lang='lat' dir='ltr'><strong>eum</strong></span> <span class='ocrx_word' id='word_1_130' title='bbox 601 2025 765 2084; x_wconf 78' lang='lat' dir='ltr'><strong>addiderat.</strong></span> <span class='ocrx_word' id='word_1_131' title='bbox 784 2054 827 2066; x_wconf 89' lang='lat'>—</span> <span class='ocrx_word' id='word_1_132' title='bbox 845 2025 916 2083; x_wconf 88' lang='grc'><strong>551.</strong></span> <span class='ocrx_word' id='word_1_133' title='bbox 943 2019 1076 2086; x_wconf 79' lang='lat' dir='ltr'><strong>Obsecro</strong></span> <span class='ocrx_word' id='word_1_134' title='bbox 1099 2026 1212 2088; x_wconf 78' lang='lat' dir='ltr'><strong>(lamer.</strong></span> 
     </span>
     <span class='ocr_line' id='line_1_16' title="bbox 84 2125 1212 2208; baseline -0.002 -18"><span class='ocrx_word' id='word_1_135' title='bbox 84 2152 143 2190; x_wconf 88' lang='lat' dir='ltr'><strong>em.</strong></span> <span class='ocrx_word' id='word_1_136' title='bbox 167 2159 211 2172; x_wconf 90' lang='lat'><strong>--</strong></span> <span class='ocrx_word' id='word_1_137' title='bbox 240 2125 380 2208; x_wconf 77' lang='lat' dir='ltr'><strong>eloquere</strong></span> <span class='ocrx_word' id='word_1_138' title='bbox 401 2128 447 2188; x_wconf 84' lang='lat' dir='ltr'><strong>Fl.</strong></span> <span class='ocrx_word' id='word_1_139' title='bbox 469 2129 614 2206; x_wconf 85' lang='lat' dir='ltr'><strong>probante</strong></span> <span class='ocrx_word' id='word_1_140' title='bbox 637 2127 782 2200; x_wconf 78' lang='grc'><strong>11111111,</strong></span> <span class='ocrx_word' id='word_1_141' title='bbox 817 2127 939 2187; x_wconf 84' lang='lat' dir='ltr'><strong>Nachtr.</strong></span> <span class='ocrx_word' id='word_1_142' title='bbox 964 2147 993 2204; x_wconf 92' lang='lat' dir='ltr'><strong>p.</strong></span> <span class='ocrx_word' id='word_1_143' title='bbox 1018 2131 1046 2188; x_wconf 96' lang='lat'>3.</span> <span class='ocrx_word' id='word_1_144' title='bbox 1071 2158 1113 2168; x_wconf 92' lang='lat'>—</span> <span class='ocrx_word' id='word_1_145' title='bbox 1142 2131 1212 2188; x_wconf 84' lang='lat'>552.</span> 
     </span>
     <span class='ocr_line' id='line_1_17' title="bbox 84 2229 1214 2309; baseline -0.004 -15"><span class='ocrx_word' id='word_1_146' title='bbox 84 2235 189 2294; x_wconf 77' lang='lat' dir='ltr'><strong>tecum</strong></span> <span class='ocrx_word' id='word_1_147' title='bbox 218 2247 353 2304; x_wconf 67' lang='lat' dir='ltr'><strong>marens,</strong></span> <span class='ocrx_word' id='word_1_148' title='bbox 383 2252 410 2292; x_wconf 88' lang='lat' dir='ltr'>v.</span> <span class='ocrx_word' id='word_1_149' title='bbox 435 2233 506 2291; x_wconf 84' lang='lat'>492.</span> <span class='ocrx_word' id='word_1_150' title='bbox 562 2233 624 2290; x_wconf 81' lang='lat' dir='ltr'><strong>Aut</strong></span> <span class='ocrx_word' id='word_1_151' title='bbox 646 2235 715 2309; x_wconf 88' lang='lat' dir='ltr'><strong>post</strong></span> <span class='ocrx_word' id='word_1_152' title='bbox 737 2230 766 2290; x_wconf 94' lang='lat' dir='ltr'>h.</span> <span class='ocrx_word' id='word_1_153' title='bbox 791 2250 819 2288; x_wconf 83' lang='lat' dir='ltr'>v.</span> <span class='ocrx_word' id='word_1_154' title='bbox 845 2229 945 2288; x_wconf 86' lang='lat' dir='ltr'><strong>hiatus</strong></span> <span class='ocrx_word' id='word_1_155' title='bbox 973 2237 1019 2288; x_wconf 87' lang='grc'><strong>111</strong></span> <span class='ocrx_word' id='word_1_156' title='bbox 1042 2234 1073 2290; x_wconf 89' lang='lat' dir='ltr'><strong>in</strong></span> <span class='ocrx_word' id='word_1_157' title='bbox 1096 2230 1214 2290; x_wconf 73' lang='lat' dir='ltr'><strong>dieresi</strong></span> 
     </span>
     <span class='ocr_line' id='line_1_18' title="bbox 84 2331 1213 2412; baseline -0.002 -16"><span class='ocrx_word' id='word_1_158' title='bbox 84 2341 140 2396; x_wconf 86' lang='lat' dir='ltr'><strong>ant</strong></span> <span class='ocrx_word' id='word_1_159' title='bbox 163 2332 193 2395; x_wconf 79' lang='lat' dir='ltr'><strong>ei</strong></span> <span class='ocrx_word' id='word_1_160' title='bbox 214 2334 378 2412; x_wconf 88' lang='lat' dir='ltr'><strong>spondeum</strong></span> <span class='ocrx_word' id='word_1_161' title='bbox 398 2335 479 2407; x_wconf 84' lang='lat' dir='ltr'><strong>iacit,</strong></span> <span class='ocrx_word' id='word_1_162' title='bbox 503 2339 537 2392; x_wconf 90' lang='lat' dir='ltr'><strong>ut</strong></span> <span class='ocrx_word' id='word_1_163' title='bbox 555 2335 625 2393; x_wconf 88' lang='grc'><strong>523.</strong></span> <span class='ocrx_word' id='word_1_164' title='bbox 659 2331 804 2391; x_wconf 84' lang='lat' dir='ltr'><strong>Fleckeis.</strong></span> <span class='ocrx_word' id='word_1_165' title='bbox 825 2331 887 2390; x_wconf 80' lang='lat' dir='ltr'><strong>ed:</strong></span> <span class='ocrx_word' id='word_1_166' title='bbox 915 2337 967 2407; x_wconf 90' lang='lat' dir='ltr'><strong>„ut</strong></span> <span class='ocrx_word' id='word_1_167' title='bbox 984 2331 1063 2410; x_wconf 92' lang='lat' dir='ltr'><strong>quod</strong></span> <span class='ocrx_word' id='word_1_168' title='bbox 1079 2338 1213 2409; x_wconf 86' lang='lat' dir='ltr'><strong>potesses</strong></span> 
     </span>
     <span class='ocr_line' id='line_1_19' title="bbox 83 2429 1212 2509; baseline -0.003 -10"><span class='ocrx_word' id='word_1_169' title='bbox 83 2443 113 2500; x_wconf 90' lang='lat' dir='ltr'><strong>ei</strong></span> <span class='ocrx_word' id='word_1_170' title='bbox 138 2435 229 2497; x_wconf 87' lang='lat' dir='ltr'><strong>mali“</strong></span> <span class='ocrx_word' id='word_1_171' title='bbox 253 2465 297 2478; x_wconf 90' lang='lat'><em>-</em></span> <span class='ocrx_word' id='word_1_172' title='bbox 321 2439 391 2497; x_wconf 84' lang='grc'><strong>656.</strong></span> <span class='ocrx_word' id='word_1_173' title='bbox 420 2436 450 2496; x_wconf 90' lang='grc'><strong>81</strong></span> <span class='ocrx_word' id='word_1_174' title='bbox 472 2455 575 2496; x_wconf 86' lang='lat' dir='ltr'><strong>versus</strong></span> <span class='ocrx_word' id='word_1_175' title='bbox 598 2455 686 2495; x_wconf 87' lang='lat' dir='ltr'><strong>sanus</strong></span> <span class='ocrx_word' id='word_1_176' title='bbox 709 2441 769 2509; x_wconf 89' lang='lat' dir='ltr'><strong>est,</strong></span> <span class='ocrx_word' id='word_1_177' title='bbox 800 2440 870 2494; x_wconf 89' lang='lat' dir='ltr'><strong>ante</strong></span> <span class='ocrx_word' id='word_1_178' title='bbox 892 2429 1029 2496; x_wconf 67' lang='lat' dir='ltr'><strong>homims</strong></span> <span class='ocrx_word' id='word_1_179' title='bbox 1051 2435 1160 2509; x_wconf 88' lang='lat' dir='ltr'><strong>hiatur,</strong></span> <span class='ocrx_word' id='word_1_180' title='bbox 1183 2455 1212 2496; x_wconf 80' lang='lat' dir='ltr'>v.</span> 
     </span>
     <span class='ocr_line' id='line_1_20' title="bbox 82 2534 1211 2618; baseline -0.002 -18"><span class='ocrx_word' id='word_1_181' title='bbox 82 2541 206 2615; x_wconf 87' lang='lat' dir='ltr'><strong>Prolcg.</strong></span> <span class='ocrx_word' id='word_1_182' title='bbox 230 2561 260 2618; x_wconf 89' lang='lat' dir='ltr'><strong>p.</strong></span> <span class='ocrx_word' id='word_1_183' title='bbox 284 2541 356 2599; x_wconf 91' lang='lat'>221.</span> <span class='ocrx_word' id='word_1_184' title='bbox 390 2539 491 2598; x_wconf 85' lang='lat' dir='ltr'><strong>Herm.</strong></span> <span class='ocrx_word' id='word_1_185' title='bbox 518 2559 605 2612; x_wconf 88' lang='lat' dir='ltr'><strong>„nam</strong></span> <span class='ocrx_word' id='word_1_186' title='bbox 628 2535 787 2614; x_wconf 85' lang='lat' dir='ltr'><strong>nequam“,</strong></span> <span class='ocrx_word' id='word_1_187' title='bbox 811 2538 846 2596; x_wconf 90' lang='lat' dir='ltr'><strong>R.</strong></span> <span class='ocrx_word' id='word_1_188' title='bbox 874 2539 943 2616; x_wconf 90' lang='lat' dir='ltr'><strong>„pol</strong></span> <span class='ocrx_word' id='word_1_189' title='bbox 966 2534 1051 2616; x_wconf 89' lang='lat' dir='ltr'><strong>ego“‚</strong></span> <span class='ocrx_word' id='word_1_190' title='bbox 1075 2538 1211 2617; x_wconf 79' lang='lat' dir='ltr'><strong>Spengel.</strong></span> 
     </span>
     <span class='ocr_line' id='line_1_21' title="bbox 79 2637 1211 2722; baseline -0.003 -19"><span class='ocrx_word' id='word_1_191' title='bbox 79 2665 112 2722; x_wconf 92' lang='lat' dir='ltr'><strong>p.</strong></span> <span class='ocrx_word' id='word_1_192' title='bbox 135 2646 214 2703; x_wconf 86' lang='lat'><strong>330:</strong></span> <span class='ocrx_word' id='word_1_193' title='bbox 241 2637 431 2720; x_wconf 86' lang='lat' dir='ltr'><strong>„perparui“.</strong></span> <span class='ocrx_word' id='word_1_194' title='bbox 449 2664 492 2682; x_wconf 83' lang='grc'><strong>-·-</strong></span> <span class='ocrx_word' id='word_1_195' title='bbox 511 2643 581 2700; x_wconf 89' lang='grc'><strong>557.</strong></span> <span class='ocrx_word' id='word_1_196' title='bbox 598 2639 733 2716; x_wconf 79' lang='lat' dir='ltr'><strong>potesse,</strong></span> <span class='ocrx_word' id='word_1_197' title='bbox 757 2639 822 2698; x_wconf 88' lang='lat' dir='ltr'><strong>ficri</strong></span> <span class='ocrx_word' id='word_1_198' title='bbox 844 2660 938 2716; x_wconf 86' lang='lat' dir='ltr'><strong>posse,</strong></span> <span class='ocrx_word' id='word_1_199' title='bbox 962 2662 989 2700; x_wconf 86' lang='lat' dir='ltr'><strong>r.</strong></span> <span class='ocrx_word' id='word_1_200' title='bbox 1012 2641 1120 2718; x_wconf 80' lang='lat' dir='ltr'>Amph.</span> <span class='ocrx_word' id='word_1_201' title='bbox 1141 2643 1211 2701; x_wconf 90' lang='grc'><strong>169.</strong></span> 
     </span>
     <span class='ocr_line' id='line_1_22' title="bbox 79 2740 1211 2822; baseline 0 -18"><span class='ocrx_word' id='word_1_202' title='bbox 79 2777 127 2789; x_wconf 89' lang='lat'>-</span> <span class='ocrx_word' id='word_1_203' title='bbox 152 2747 224 2804; x_wconf 87' lang='grc'><strong>559.</strong></span> <span class='ocrx_word' id='word_1_204' title='bbox 252 2740 335 2821; x_wconf 72' lang='lat' dir='ltr'><strong>Quid</strong></span> <span class='ocrx_word' id='word_1_205' title='bbox 356 2743 399 2804; x_wconf 75' lang='lat' dir='ltr'><strong>at</strong></span> <span class='ocrx_word' id='word_1_206' title='bbox 420 2745 527 2820; x_wconf 85' lang='lat' dir='ltr'><strong>scripsi</strong></span> <span class='ocrx_word' id='word_1_207' title='bbox 550 2763 615 2802; x_wconf 88' lang='lat' dir='ltr'><strong>cnm</strong></span> <span class='ocrx_word' id='word_1_208' title='bbox 639 2743 673 2801; x_wconf 87' lang='grc' dir='ltr'><strong>Ε.</strong></span> <span class='ocrx_word' id='word_1_209' title='bbox 696 2743 840 2816; x_wconf 87' lang='lat' dir='ltr'><strong>Beckero,</strong></span> <span class='ocrx_word' id='word_1_210' title='bbox 865 2743 998 2804; x_wconf 89' lang='lat' dir='ltr'><strong>Studem.</strong></span> <span class='ocrx_word' id='word_1_211' title='bbox 1023 2743 1108 2802; x_wconf 89' lang='lat' dir='ltr'><strong>Stud.</strong></span> <span class='ocrx_word' id='word_1_212' title='bbox 1132 2744 1158 2817; x_wconf 94' lang='grc' dir='ltr'><strong>Ι,</strong></span> <span class='ocrx_word' id='word_1_213' title='bbox 1181 2764 1211 2822; x_wconf 89' lang='lat' dir='ltr'><strong>p.</strong></span> 
     </span>
     <span class='ocr_line' id='line_1_23' title="bbox 81 2841 1215 2925; baseline -0.004 -15"><span class='ocrx_word' id='word_1_214' title='bbox 81 2853 158 2922; x_wconf 86' lang='grc'><strong>200,</strong></span> <span class='ocrx_word' id='word_1_215' title='bbox 184 2853 218 2906; x_wconf 91' lang='lat' dir='ltr'><strong>ut</strong></span> <span class='ocrx_word' id='word_1_216' title='bbox 238 2847 346 2925; x_wconf 84' lang='lat' dir='ltr'>Amph.</span> <span class='ocrx_word' id='word_1_217' title='bbox 374 2849 464 2906; x_wconf 88' lang='grc'><strong>1018.</strong></span> <span class='ocrx_word' id='word_1_218' title='bbox 492 2848 582 2905; x_wconf 88' lang='grc'><strong>1022.</strong></span> <span class='ocrx_word' id='word_1_219' title='bbox 622 2845 689 2904; x_wconf 88' lang='lat' dir='ltr'><strong>Aul.</strong></span> <span class='ocrx_word' id='word_1_220' title='bbox 714 2847 786 2904; x_wconf 86' lang='grc'><strong>288.</strong></span> <span class='ocrx_word' id='word_1_221' title='bbox 812 2849 882 2905; x_wconf 84' lang='grc'><strong>543.</strong></span> <span class='ocrx_word' id='word_1_222' title='bbox 907 2848 944 2906; x_wconf 84' lang='lat' dir='ltr'><strong>al.</strong></span> <span class='ocrx_word' id='word_1_223' title='bbox 968 2875 1011 2886; x_wconf 92' lang='grc'><strong>--</strong></span> <span class='ocrx_word' id='word_1_224' title='bbox 1035 2849 1105 2905; x_wconf 85' lang='grc'><strong>561.</strong></span> <span class='ocrx_word' id='word_1_225' title='bbox 1132 2841 1215 2922; x_wconf 71' lang='lat' dir='ltr'><strong>Quid</strong></span> 
     </span>
     <span class='ocr_line' id='line_1_24' title="bbox 79 2947 1211 3028; baseline 0 -20"><span class='ocrx_word' id='word_1_226' title='bbox 79 2951 231 3028; x_wconf 72' lang='lat' dir='ltr'><strong>Angelius</strong></span> <span class='ocrx_word' id='word_1_227' title='bbox 251 2949 429 3022; x_wconf 86' lang='lat' dir='ltr'><strong>emendavit,</strong></span> <span class='ocrx_word' id='word_1_228' title='bbox 455 2948 539 3026; x_wconf 88' lang='lat' dir='ltr'><strong>prob.</strong></span> <span class='ocrx_word' id='word_1_229' title='bbox 559 2947 694 3024; x_wconf 75' lang='lat' dir='ltr'><strong>Seyffert.</strong></span> <span class='ocrx_word' id='word_1_230' title='bbox 707 2947 816 3006; x_wconf 92' lang='lat' dir='ltr'><strong>Pbilol.</strong></span> <span class='ocrx_word' id='word_1_231' title='bbox 829 2947 930 3008; x_wconf 85' lang='lat' dir='ltr'>XXIX</span> <span class='ocrx_word' id='word_1_232' title='bbox 947 2971 977 3027; x_wconf 93' lang='lat' dir='ltr'><strong>p.</strong></span> <span class='ocrx_word' id='word_1_233' title='bbox 993 2950 1063 3008; x_wconf 86' lang='lat'>392.</span> <span class='ocrx_word' id='word_1_234' title='bbox 1098 2949 1211 3008; x_wconf 91' lang='lat' dir='ltr'><strong>Ritsch.</strong></span> 
     </span>
     <span class='ocr_line' id='line_1_25' title="bbox 80 3050 1213 3129; baseline -0.004 -16"><span class='ocrx_word' id='word_1_235' title='bbox 80 3053 239 3129; x_wconf 78' lang='lat' dir='ltr'><strong>dactylum</strong></span> <span class='ocrx_word' id='word_1_236' title='bbox 257 3057 287 3110; x_wconf 90' lang='lat' dir='ltr'><strong>ct</strong></span> <span class='ocrx_word' id='word_1_237' title='bbox 305 3055 336 3110; x_wconf 92' lang='lat' dir='ltr'><strong>in</strong></span> <span class='ocrx_word' id='word_1_238' title='bbox 356 3057 463 3129; x_wconf 88' lang='lat' dir='ltr'><strong>quarto</strong></span> <span class='ocrx_word' id='word_1_239' title='bbox 482 3057 512 3110; x_wconf 89' lang='lat' dir='ltr'><strong>et</strong></span> <span class='ocrx_word' id='word_1_240' title='bbox 529 3053 560 3110; x_wconf 89' lang='lat' dir='ltr'><strong>in</strong></span> <span class='ocrx_word' id='word_1_241' title='bbox 577 3054 666 3109; x_wconf 87' lang='lat' dir='ltr'><strong>tertio</strong></span> <span class='ocrx_word' id='word_1_242' title='bbox 684 3051 761 3126; x_wconf 92' lang='lat' dir='ltr'><strong>pede</strong></span> <span class='ocrx_word' id='word_1_243' title='bbox 778 3071 837 3110; x_wconf 91' lang='lat' dir='ltr'><strong>non</strong></span> <span class='ocrx_word' id='word_1_244' title='bbox 856 3052 954 3110; x_wconf 84' lang='lat' dir='ltr'><strong>ferens</strong></span> <span class='ocrx_word' id='word_1_245' title='bbox 977 3055 1111 3128; x_wconf 81' lang='lat' dir='ltr'><strong>transp:</strong></span> <span class='ocrx_word' id='word_1_246' title='bbox 1138 3050 1213 3124; x_wconf 83' lang='lat' dir='ltr'><strong>„tibi</strong></span> 
     </span>
     <span class='ocr_line' id='line_1_26' title="bbox 79 3149 1211 3216; baseline -0.004 0"><span class='ocrx_word' id='word_1_247' title='bbox 79 3176 146 3216; x_wconf 89' lang='lat' dir='ltr'><strong>non</strong></span> <span class='ocrx_word' id='word_1_248' title='bbox 171 3155 361 3213; x_wconf 84' lang='lat' dir='ltr'><strong>meretricum</strong></span> <span class='ocrx_word' id='word_1_249' title='bbox 390 3155 515 3212; x_wconf 86' lang='lat' dir='ltr'><strong>aliarum</strong></span> <span class='ocrx_word' id='word_1_250' title='bbox 545 3149 627 3212; x_wconf 86' lang='lat' dir='ltr'><strong>arat“</strong></span> <span class='ocrx_word' id='word_1_251' title='bbox 659 3173 725 3210; x_wconf 88' lang='lat' dir='ltr'><strong>eum</strong></span> <span class='ocrx_word' id='word_1_252' title='bbox 753 3153 837 3211; x_wconf 90' lang='lat' dir='ltr'><strong>biatu</strong></span> <span class='ocrx_word' id='word_1_253' title='bbox 866 3154 896 3210; x_wconf 91' lang='lat' dir='ltr'><strong>iu</strong></span> <span class='ocrx_word' id='word_1_254' title='bbox 925 3152 1050 3210; x_wconf 80' lang='lat' dir='ltr'><strong>diaeresi.</strong></span> <span class='ocrx_word' id='word_1_255' title='bbox 1074 3181 1116 3192; x_wconf 91' lang='lat'><em>-</em></span> <span class='ocrx_word' id='word_1_256' title='bbox 1141 3155 1211 3212; x_wconf 88' lang='grc'><strong>563.</strong></span> 
     </span>
     <span class='ocr_line' id='line_1_27' title="bbox 79 3249 1212 3331; baseline -0.004 -13"><span class='ocrx_word' id='word_1_257' title='bbox 79 3259 284 3318; x_wconf 74' lang='lat' dir='ltr'><strong>Humerorum</strong></span> <span class='ocrx_word' id='word_1_258' title='bbox 306 3255 434 3315; x_wconf 79' lang='lat' dir='ltr'><strong>defectui</strong></span> <span class='ocrx_word' id='word_1_259' title='bbox 451 3256 638 3314; x_wconf 86' lang='lat' dir='ltr'><strong>consulentes</strong></span> <span class='ocrx_word' id='word_1_260' title='bbox 655 3255 756 3313; x_wconf 88' lang='lat' dir='ltr'><strong>Herm.</strong></span> <span class='ocrx_word' id='word_1_261' title='bbox 777 3259 807 3312; x_wconf 90' lang='grc'><strong>11</strong></span> <span class='ocrx_word' id='word_1_262' title='bbox 828 3253 942 3314; x_wconf 87' lang='lat' dir='ltr'><strong>Ritscb.</strong></span> <span class='ocrx_word' id='word_1_263' title='bbox 966 3249 1065 3331; x_wconf 85' lang='lat' dir='ltr'><strong>„ipse“</strong></span> <span class='ocrx_word' id='word_1_264' title='bbox 1091 3253 1212 3313; x_wconf 87' lang='lat' dir='ltr'><strong>addide-</strong></span> 
     </span>
     <span class='ocr_line' id='line_1_28' title="bbox 78 3354 1214 3436; baseline -0.004 -16"><span class='ocrx_word' id='word_1_265' title='bbox 78 3367 173 3433; x_wconf 86' lang='lat' dir='ltr'><strong>runt,</strong></span> <span class='ocrx_word' id='word_1_266' title='bbox 209 3359 290 3435; x_wconf 91' lang='lat' dir='ltr'><strong>quod</strong></span> <span class='ocrx_word' id='word_1_267' title='bbox 311 3363 382 3436; x_wconf 89' lang='lat' dir='ltr'><strong>post</strong></span> <span class='ocrx_word' id='word_1_268' title='bbox 407 3354 510 3432; x_wconf 85' lang='lat' dir='ltr'><strong>„tute“</strong></span> <span class='ocrx_word' id='word_1_269' title='bbox 537 3358 682 3430; x_wconf 87' lang='lat' dir='ltr'><strong>abuudat;</strong></span> <span class='ocrx_word' id='word_1_270' title='bbox 717 3356 770 3416; x_wconf 88' lang='lat' dir='ltr'><strong>sed</strong></span> <span class='ocrx_word' id='word_1_271' title='bbox 798 3359 886 3416; x_wconf 88' lang='lat' dir='ltr'><strong>etiam</strong></span> <span class='ocrx_word' id='word_1_272' title='bbox 917 3359 1084 3416; x_wconf 87' lang='lat' dir='ltr'><strong>orationem</strong></span> <span class='ocrx_word' id='word_1_273' title='bbox 1106 3359 1214 3416; x_wconf 87' lang='lat' dir='ltr'><strong>misere</strong></span> 
     </span>
     <span class='ocr_line' id='line_1_29' title="bbox 78 3453 1212 3538; baseline -0.004 -15"><span class='ocrx_word' id='word_1_274' title='bbox 78 3465 170 3524; x_wconf 86' lang='lat' dir='ltr'><strong>hiare</strong></span> <span class='ocrx_word' id='word_1_275' title='bbox 194 3465 328 3538; x_wconf 83' lang='lat' dir='ltr'><strong>apparet.</strong></span> <span class='ocrx_word' id='word_1_276' title='bbox 383 3461 531 3538; x_wconf 89' lang='lat' dir='ltr'><strong>Equidem</strong></span> <span class='ocrx_word' id='word_1_277' title='bbox 553 3461 656 3520; x_wconf 85' lang='lat' dir='ltr'><strong>addidi</strong></span> <span class='ocrx_word' id='word_1_278' title='bbox 678 3453 762 3520; x_wconf 84' lang='lat' dir='ltr'><strong>Eam</strong></span> <span class='ocrx_word' id='word_1_279' title='bbox 783 3459 833 3533; x_wconf 69' lang='lat'><strong>1413</strong></span> <span class='ocrx_word' id='word_1_280' title='bbox 866 3459 1003 3533; x_wconf 62' lang='lat' dir='ltr'><strong>Malles,</strong></span> <span class='ocrx_word' id='word_1_281' title='bbox 1037 3458 1158 3518; x_wconf 87' lang='lat' dir='ltr'><strong>Nachtr.</strong></span> <span class='ocrx_word' id='word_1_282' title='bbox 1181 3480 1212 3538; x_wconf 92' lang='lat' dir='ltr'><strong>p.</strong></span> 
     </span>
     <span class='ocr_line' id='line_1_30' title="bbox 82 3557 1213 3638; baseline -0.004 -12"><span class='ocrx_word' id='word_1_283' title='bbox 82 3567 159 3638; x_wconf 88' lang='lat'>123,</span> <span class='ocrx_word' id='word_1_284' title='bbox 185 3565 216 3621; x_wconf 90' lang='lat' dir='ltr'><strong>in</strong></span> <span class='ocrx_word' id='word_1_285' title='bbox 239 3563 363 3622; x_wconf 83' lang='lat' dir='ltr'><strong>eandam</strong></span> <span class='ocrx_word' id='word_1_286' title='bbox 388 3565 566 3622; x_wconf 89' lang='lat' dir='ltr'><strong>seutentiam</strong></span> <span class='ocrx_word' id='word_1_287' title='bbox 592 3558 719 3638; x_wconf 81' lang='lat' dir='ltr'><strong>„Quin“.</strong></span> <span class='ocrx_word' id='word_1_288' title='bbox 742 3591 785 3602; x_wconf 90' lang='lat'><em>-</em></span> <span class='ocrx_word' id='word_1_289' title='bbox 806 3557 852 3621; x_wconf 83' lang='lat' dir='ltr'><strong>mi</strong></span> <span class='ocrx_word' id='word_1_290' title='bbox 873 3561 976 3621; x_wconf 91' lang='lat' dir='ltr'><strong>Lamb.</strong></span> <span class='ocrx_word' id='word_1_291' title='bbox 1001 3583 1056 3621; x_wconf 88' lang='lat' dir='ltr'><strong>em.</strong></span> <span class='ocrx_word' id='word_1_292' title='bbox 1081 3562 1117 3622; x_wconf 82' lang='lat' dir='ltr'><strong>cf.</strong></span> <span class='ocrx_word' id='word_1_293' title='bbox 1142 3564 1213 3622; x_wconf 87' lang='grc'><strong>681.</strong></span> 
     </span>
     <span class='ocr_line' id='line_1_31' title="bbox 78 3661 1213 3744; baseline -0.002 -18"><span class='ocrx_word' id='word_1_294' title='bbox 78 3697 127 3711; x_wconf 89' lang='grc'>-</span> <span class='ocrx_word' id='word_1_295' title='bbox 153 3669 225 3726; x_wconf 91' lang='grc'><strong>565.</strong></span> <span class='ocrx_word' id='word_1_296' title='bbox 243 3661 411 3742; x_wconf 74' lang='lat' dir='ltr'><strong>prolectas,</strong></span> <span class='ocrx_word' id='word_1_297' title='bbox 435 3685 591 3744; x_wconf 85' lang='lat' dir='ltr'><strong>provocas.</strong></span> <span class='ocrx_word' id='word_1_298' title='bbox 615 3695 657 3706; x_wconf 92' lang='lat'><em>-</em></span> <span class='ocrx_word' id='word_1_299' title='bbox 682 3666 752 3724; x_wconf 88' lang='grc'><strong>566.</strong></span> <span class='ocrx_word' id='word_1_300' title='bbox 776 3663 902 3724; x_wconf 81' lang='lat' dir='ltr'><strong>Praram</strong></span> <span class='ocrx_word' id='word_1_301' title='bbox 925 3665 1068 3724; x_wconf 88' lang='lat' dir='ltr'><strong>orationis</strong></span> <span class='ocrx_word' id='word_1_302' title='bbox 1091 3665 1213 3724; x_wconf 85' lang='lat' dir='ltr'><strong>distinc-</strong></span> 
     </span>
     <span class='ocr_line' id='line_1_32' title="bbox 78 3763 1212 3844; baseline -0.004 -13"><span class='ocrx_word' id='word_1_303' title='bbox 78 3776 201 3831; x_wconf 88' lang='lat' dir='ltr'><strong>tionem</strong></span> <span class='ocrx_word' id='word_1_304' title='bbox 218 3789 273 3828; x_wconf 90' lang='lat' dir='ltr'><strong>em.</strong></span> <span class='ocrx_word' id='word_1_305' title='bbox 287 3767 427 3844; x_wconf 77' lang='lat' dir='ltr'><strong>Scaliger,</strong></span> <span class='ocrx_word' id='word_1_306' title='bbox 451 3770 493 3828; x_wconf 86' lang='lat' dir='ltr'><strong>sic</strong></span> <span class='ocrx_word' id='word_1_307' title='bbox 512 3767 657 3828; x_wconf 86' lang='lat' dir='ltr'><strong>scribens:</strong></span> <span class='ocrx_word' id='word_1_308' title='bbox 694 3767 781 3836; x_wconf 68' lang='lat' dir='ltr'><strong>„Mu</strong></span> <span class='ocrx_word' id='word_1_309' title='bbox 804 3763 904 3839; x_wconf 76' lang='lat' dir='ltr'><strong>Quid?</strong></span> <span class='ocrx_word' id='word_1_310' title='bbox 928 3787 1010 3826; x_wconf 87' lang='lat' dir='ltr'><strong>amas</strong></span> <span class='ocrx_word' id='word_1_311' title='bbox 1027 3767 1212 3827; x_wconf 84' lang='lat' dir='ltr'><strong>Bacchidem.</strong></span> 
     </span>
     <span class='ocr_line' id='line_1_33' title="bbox 80 3866 1213 3942; baseline -0.006 -9"><span class='ocrx_word' id='word_1_312' title='bbox 80 3875 134 3933; x_wconf 88' lang='grc' dir='ltr'><strong>ΡΙ.</strong></span> <span class='ocrx_word' id='word_1_313' title='bbox 157 3871 240 3930; x_wconf 88' lang='lat' dir='ltr'><strong>Duas</strong></span> <span class='ocrx_word' id='word_1_314' title='bbox 262 3866 339 3931; x_wconf 63' lang='lat' dir='ltr'><strong>etsf‘</strong></span> <span class='ocrx_word' id='word_1_315' title='bbox 386 3870 495 3930; x_wconf 82' lang='lat' dir='ltr'><strong>Verum</strong></span> <span class='ocrx_word' id='word_1_316' title='bbox 523 3871 680 3930; x_wconf 89' lang='lat' dir='ltr'><strong>dicendum</strong></span> <span class='ocrx_word' id='word_1_317' title='bbox 708 3875 787 3929; x_wconf 87' lang='lat' dir='ltr'><strong>erat:</strong></span> <span class='ocrx_word' id='word_1_318' title='bbox 825 3868 942 3942; x_wconf 72' lang='lat' dir='ltr'><strong>,Quids</strong></span> <span class='ocrx_word' id='word_1_319' title='bbox 972 3889 1070 3930; x_wconf 91' lang='lat' dir='ltr'><strong>nonne</strong></span> <span class='ocrx_word' id='word_1_320' title='bbox 1093 3869 1213 3928; x_wconf 86' lang='lat' dir='ltr'><strong>Bacchi·</strong></span> 
     </span>
     <span class='ocr_line' id='line_1_34' title="bbox 81 3970 1213 4050; baseline -0.005 -16"><span class='ocrx_word' id='word_1_321' title='bbox 81 3977 156 4034; x_wconf 84' lang='lat' dir='ltr'><strong>dem</strong></span> <span class='ocrx_word' id='word_1_322' title='bbox 180 3971 302 4032; x_wconf 78' lang='lat' dir='ltr'><strong>amas?“</strong></span> <span class='ocrx_word' id='word_1_323' title='bbox 328 3973 476 4050; x_wconf 75' lang='lat' dir='ltr'><strong>Seyffert,</strong></span> <span class='ocrx_word' id='word_1_324' title='bbox 500 3973 606 4032; x_wconf 90' lang='lat' dir='ltr'><strong>Pbilol.</strong></span> <span class='ocrx_word' id='word_1_325' title='bbox 625 3971 735 4046; x_wconf 89' lang='lat' dir='ltr'>XXIX,</span> <span class='ocrx_word' id='word_1_326' title='bbox 759 3991 788 4049; x_wconf 91' lang='lat' dir='ltr'><strong>p.</strong></span> <span class='ocrx_word' id='word_1_327' title='bbox 815 3975 892 4032; x_wconf 84' lang='lat'>392:</span> <span class='ocrx_word' id='word_1_328' title='bbox 920 3971 1018 4046; x_wconf 79' lang='lat' dir='ltr'><strong>„Quin</strong></span> <span class='ocrx_word' id='word_1_329' title='bbox 1040 3991 1120 4030; x_wconf 88' lang='lat' dir='ltr'><strong>amas</strong></span> <span class='ocrx_word' id='word_1_330' title='bbox 1141 3970 1213 4028; x_wconf 88' lang='lat' dir='ltr'><strong>Bac·</strong></span> 
     </span>
     <span class='ocr_line' id='line_1_35' title="bbox 81 4068 1215 4168; baseline -0.006 -31"><span class='ocrx_word' id='word_1_331' title='bbox 81 4072 237 4168; x_wconf 75' lang='lat' dir='ltr'><strong>chidem“,</strong></span> <span class='ocrx_word' id='word_1_332' title='bbox 250 4077 317 4136; x_wconf 90' lang='lat' dir='ltr'><strong>coll.</strong></span> <span class='ocrx_word' id='word_1_333' title='bbox 330 4076 439 4153; x_wconf 84' lang='lat' dir='ltr'><strong>Amph.</strong></span> <span class='ocrx_word' id='word_1_334' title='bbox 455 4077 530 4150; x_wconf 84' lang='lat'><strong>355;</strong></span> <span class='ocrx_word' id='word_1_335' title='bbox 550 4075 688 4151; x_wconf 88' lang='lat' dir='ltr'><strong>equidem</strong></span> <span class='ocrx_word' id='word_1_336' title='bbox 703 4068 824 4150; x_wconf 59' lang='lat' dir='ltr'><strong>„Quiff</strong></span> <span class='ocrx_word' id='word_1_337' title='bbox 845 4075 959 4151; x_wconf 86' lang='lat' dir='ltr'><strong>scripsi,</strong></span> <span class='ocrx_word' id='word_1_338' title='bbox 978 4077 1012 4132; x_wconf 92' lang='lat' dir='ltr'><strong>ut</strong></span> <span class='ocrx_word' id='word_1_339' title='bbox 1023 4074 1215 4132; x_wconf 86' lang='lat' dir='ltr'><strong>continuetur</strong></span> 
     </span>
     <span class='ocr_line' id='line_1_36' title="bbox 82 4173 1213 4255; baseline -0.008 -13"><span class='ocrx_word' id='word_1_340' title='bbox 82 4181 240 4242; x_wconf 88' lang='lat' dir='ltr'><strong>sententia</strong></span> <span class='ocrx_word' id='word_1_341' title='bbox 258 4178 441 4255; x_wconf 81' lang='lat' dir='ltr'><strong>„Perdidisti</strong></span> <span class='ocrx_word' id='word_1_342' title='bbox 463 4173 539 4237; x_wconf 90' lang='lat' dir='ltr'><strong>me“.</strong></span> <span class='ocrx_word' id='word_1_343' title='bbox 559 4205 596 4218; x_wconf 90' lang='lat'>-</span> <span class='ocrx_word' id='word_1_344' title='bbox 623 4191 704 4254; x_wconf 75' lang='lat' dir='ltr'><strong>erpO,</strong></span> <span class='ocrx_word' id='word_1_345' title='bbox 728 4176 788 4236; x_wconf 87' lang='lat' dir='ltr'><strong>rid.</strong></span> <span class='ocrx_word' id='word_1_346' title='bbox 806 4176 845 4235; x_wconf 89' lang='lat' dir='ltr'><strong>ad</strong></span> <span class='ocrx_word' id='word_1_347' title='bbox 857 4176 964 4254; x_wconf 79' lang='lat' dir='ltr'>Amph.</span> <span class='ocrx_word' id='word_1_348' title='bbox 988 4177 1056 4234; x_wconf 93' lang='grc'><strong>172.</strong></span> <span class='ocrx_word' id='word_1_349' title='bbox 1075 4203 1119 4214; x_wconf 93' lang='grc'>-</span> <span class='ocrx_word' id='word_1_350' title='bbox 1142 4176 1213 4233; x_wconf 91' lang='grc'><strong>567.</strong></span> 
     </span>
     <span class='ocr_line' id='line_1_37' title="bbox 83 4271 1212 4358; baseline -0.008 -14"><span class='ocrx_word' id='word_1_351' title='bbox 83 4281 170 4345; x_wconf 79' lang='lat' dir='ltr'><strong>duas</strong></span> <span class='ocrx_word' id='word_1_352' title='bbox 186 4281 324 4358; x_wconf 75' lang='lat' dir='ltr'><strong>Seyffert.</strong></span> <span class='ocrx_word' id='word_1_353' title='bbox 343 4287 373 4340; x_wconf 89' lang='lat' dir='ltr'><strong>et</strong></span> <span class='ocrx_word' id='word_1_354' title='bbox 390 4281 508 4341; x_wconf 85' lang='lat' dir='ltr'><strong>Miiller.</strong></span> <span class='ocrx_word' id='word_1_355' title='bbox 527 4281 625 4339; x_wconf 90' lang='lat' dir='ltr'><strong>Plaut.</strong></span> <span class='ocrx_word' id='word_1_356' title='bbox 644 4279 727 4338; x_wconf 89' lang='lat' dir='ltr'><strong>Pros.</strong></span> <span class='ocrx_word' id='word_1_357' title='bbox 741 4299 772 4356; x_wconf 94' lang='lat' dir='ltr'>p.</span> <span class='ocrx_word' id='word_1_358' title='bbox 788 4281 857 4338; x_wconf 91' lang='grc'><strong>176.</strong></span> <span class='ocrx_word' id='word_1_359' title='bbox 875 4309 919 4320; x_wconf 94' lang='grc'><strong>-</strong></span> <span class='ocrx_word' id='word_1_360' title='bbox 944 4280 1013 4339; x_wconf 87' lang='grc'><strong>568.</strong></span> <span class='ocrx_word' id='word_1_361' title='bbox 1039 4271 1212 4350; x_wconf 77' lang='lat' dir='ltr'><strong>Postremo,</strong></span> 
     </span>
     <span class='ocr_line' id='line_1_38' title="bbox 82 4379 1233 4459; baseline -0.007 -13"><span class='ocrx_word' id='word_1_362' title='bbox 82 4393 120 4446; x_wconf 90' lang='lat' dir='ltr'><strong>ut</strong></span> <span class='ocrx_word' id='word_1_363' title='bbox 142 4383 233 4444; x_wconf 88' lang='lat' dir='ltr'><strong>finem</strong></span> <span class='ocrx_word' id='word_1_364' title='bbox 256 4385 444 4444; x_wconf 86' lang='lat' dir='ltr'><strong>altercationi</strong></span> <span class='ocrx_word' id='word_1_365' title='bbox 466 4383 619 4442; x_wconf 81' lang='lat' dir='ltr'><strong>faciamus.</strong></span> <span class='ocrx_word' id='word_1_366' title='bbox 643 4411 685 4422; x_wconf 87' lang='lat'>-</span> <span class='ocrx_word' id='word_1_367' title='bbox 705 4397 846 4458; x_wconf 69' lang='lat' dir='ltr'><strong>paratam</strong></span> <span class='ocrx_word' id='word_1_368' title='bbox 867 4382 998 4459; x_wconf 79' lang='lat' dir='ltr'><strong>Scaliger</strong></span> <span class='ocrx_word' id='word_1_369' title='bbox 1021 4401 1077 4440; x_wconf 90' lang='lat' dir='ltr'><strong>cm.</strong></span> <span class='ocrx_word' id='word_1_370' title='bbox 1094 4379 1233 4438; x_wconf 82' lang='lat' dir='ltr'><strong>iubente‘</strong></span> 
     </span>
    </p>
   </div>
   <div class='ocr_carea' id='block_1_4' title="bbox 0 0 1466 5006">
    <p class='ocr_par' dir='ltr' id='par_1_5' title="bbox 0 0 1466 5006">
     <span class='ocr_line' id='line_1_39' title="bbox 0 0 1466 5006; baseline 0 0"><span class='ocrx_word' id='word_1_371' title='bbox 0 0 1466 5006; x_wconf 95' lang='lat' dir='ltr'><strong> </strong></span> 
     </span>
    </p>
   </div>
  </div>
 </body>
</html>
