2916 5006
246 487 309 548 486
752 477 871 548 Gaptini.
977 513 980 520 ·

246 695 368 754 possum
389 675 482 752 magis
505 673 616 732 laetum
637 673 728 747 uelle,
757 693 785 733 v.
810 673 849 732 ad
871 671 971 732 Aulul.
997 674 1068 733 224.
1092 701 1135 714 -
1159 674 1231 734 425.
1256 672 1293 732 ut
1311 671 1366 730 llo·

247 780 324 852 nius,
347 777 564 856 probMiiller.
577 797 606 854 p.
621 777 693 835 211.
738 771 833 836 laudo
855 775 969 834 Nonius
991 795 1020 852 p.
1043 778 1118 836 335:
1147 774 1304 848 „Laudare
1326 781 1366 834 est

248 881 349 940 verbis
372 880 484 940 ecferre
504 878 711 940 ....Plautus
734 878 884 957 Captiuis:
918 878 948 936 id
971 883 1006 938 ut
1028 881 1118 950 soias,
1147 879 1250 937 Iouem
1272 897 1368 956 supre-

247 1005 328 1044 mum
361 989 467 1042 testem
499 982 589 1042 laudo
622 961 730 1057 Egiol.
792 981 983 1040 Recentiores
1023 980 1142 1058 quidem
1177 981 1244 1040 edd.
1279 981 1369 1040 lisinii

249 1087 486 1147 emendationem
513 1085 569 1158 „do
591 1082 664 1144 tibi“
689 1085 901 1162 protulerunt,
936 1084 989 1142 sed
1011 1105 1066 1142 neo
1093 1083 1193 1144 hiatus
1223 1083 1369 1142 offendere
1447 1119 1448 1160 3

249 1190 352 1264 debet,
376 1209 404 1248 v.
429 1189 506 1262 336,
536 1209 588 1246 neo
611 1188 661 1248 ille
684 1187 769 1246 verbi
791 1207 861 1246 usus
883 1207 943 1246 non
966 1189 1039 1246 satis
1062 1189 1162 1246 certus
1185 1193 1246 1260 ast,
1274 1188 1321 1246 vel
1342 1189 1371 1246 in

251 1291 422 1352 auctoribus
450 1290 607 1350 laudandis
637 1291 817 1350 notissimus.
846 1321 889 1330 -
922 1291 993 1348 427.
1029 1303 1122 1366 quam
1149 1291 1277 1364 memet,
1303 1293 1323 1350 i.
1347 1311 1369 1348 e.

251 1416 339 1472 quam
361 1397 488 1471 ipsemet
510 1393 625 1466 faciam,
649 1413 676 1452 v.
699 1392 832 1468 Madvig.
856 1391 907 1452 Gr.
932 1392 998 1451 Lat.
1023 1395 1083 1452 402
1107 1393 1136 1452 b.

336 1499 407 1558 428.
442 1491 587 1571 expedire
614 1494 660 1554 1²1.
691 1515 762 1568 ern,
797 1499 816 1554 i.
841 1517 865 1554 e.
890 1495 928 1554 ad
958 1494 1094 1554 effectum
1124 1494 1298 1570 perducere.
1336 1525 1370 1534 -

251 1596 361 1678 operta,
384 1621 411 1660 v.
436 1599 474 1658 ed
497 1597 602 1658 Baooh.
626 1599 677 1658 43.
703 1626 739 1636 -
765 1598 837 1656 429.
862 1612 938 1672 φαίη
963 1597 1083 1656 auditur
1106 1596 1370 1656 demonstrativum

254 1703 309 1778 ,ad
332 1701 393 1774 id“,
417 1724 444 1762 v.
467 1701 575 1777 Amph.
601 1701 649 1760 38.
694 1700 851 1758 Ablativus
878 1705 976 1758 autem
1000 1699 1176 1758 differentiae
1198 1707 1259 1772 est;
1294 1700 1371 1776 quod

250 1807 344 1884 priori
373 1803 568 1864 admonitioni
598 1803 699 1862 deesse
727 1801 901 1874 videbatur,
936 1802 966 1860 id
996 1801 1153 1862 additurus
1182 1809 1236 1862 est.
1286 1803 1370 1864 -Brim

251 1912 435 1986 comparavit
457 1907 523 1965 Ter.
546 1906 639 1965 Andr.
664 1907 742 1964 655:
781 1904 891 1978 „Immo
915 1907 1021 1977 etism,
1052 1925 1110 1982 quo
1138 1911 1173 1964 tu
1192 1907 1293 1965 minus
1316 1909 1371 1965 soie

251 2031 404 2070 aerumnas
433 2030 528 2082 meas,
562 2009 618 2068 has
650 2011 774 2085 nuptiae
802 2029 862 2068 nou
894 2008 1119 2085 adparabantur
1148 2005 1252 2067 mihi“.
1298 2008 1371 2068 Eun.

251 2115 328 2172 737:
365 2113 512 2186 „correxit
542 2112 641 2182 miles,
676 2129 735 2186 quo
763 2111 897 2170 intellexi
925 2108 1049 2169 minus“.
1103 2087 1204 2182 Quare
1233 2130 1286 2169 neo
1308 2131 1372 2170 oum

250 2213 296 2273 Fl.
323 2211 448 2292 „qnom“
475 2213 675 2284 scribendum,
699 2233 754 2271 neo
776 2232 842 2270 oum
866 2213 930 2272 ood.
949 2213 1025 2271 Brit.
1047 2211 1174 2290 ,quod“.
1215 2213 1271 2272 Sed
1294 2214 1373 2291 quod

252 2319 388 2395 sequitur
410 2313 500 2377 (lete
523 2321 696 2392 corruptum
720 2321 774 2372 est.
825 2314 868 2376 Ut
894 2317 924 2374 in
952 2316 1099 2393 superiori
1128 2335 1217 2374 versu
1239 2337 1255 2374 r
1276 2337 1330 2394 pro
1354 2317 1371 2376 d

251 2425 392 2496 seriptum
416 2425 489 2490 arat,
513 2420 556 2476 ita
577 2417 605 2476 h.
630 2417 649 2476 l.
674 2416 692 2474 d
715 2436 770 2493 pro
794 2437 809 2474 r
831 2420 973 2494 seriptum
996 2418 1129 2491 videtur,
1168 2418 1224 2492 „de
1247 2417 1294 2476 te“
1317 2439 1372 2496 pro

248 2524 402 2583 160111-
425 2523 497 2582 430.
527 2537 600 2580 caue
623 2520 656 2578 iu
677 2519 807 2578 Bosaoha
830 2521 938 2596 aliique
962 2540 1017 2579 ern.
1042 2550 1086 2561 —
1103 2523 1174 2580 431.
1200 2514 1272 2596 Sed,
1295 2522 1372 2599 quod

249 2625 274 2684 B
297 2631 327 2682 et
348 2624 415 2684 edd.
439 2623 588 2700 praebent,
623 2624 798 2680 sententiam
823 2623 881 2680 loci
902 2625 1066 2699 pervertit,
1097 2623 1162 2682 eod.
1186 2623 1261 2683 Brit.
1286 2623 1370 2698 „Se“,

250 2727 388 2806 equidem
411 2721 463 2786 Sto
484 2727 603 2803 scripsi3
628 2725 675 2786 bio
698 2727 776 2784 enirn
799 2727 904 2802 incipit
926 2745 1004 2784 nova
1026 2725 1087 2798 illa,
1111 2745 1198 2802 quam
1222 2727 1369 2798 indicavit,
1450 2795 1451 2798 Ἴ

250 2831 423 2894 admonitio.
479 2829 540 2904 Sic,
574 2830 684 2906 inquit.
719 2832 739 2887 i.
765 2850 789 2888 e.
814 2849 849 2886 ea
872 2827 1059 2900 condicione,
1094 2835 1124 2884 te
1152 2827 1270 2886 domum
1293 2830 1370 2888 mitti

251 2935 387 3011 cogitato,
410 2954 447 2992 na
471 2953 517 3017 me
539 2928 679 3009 tunore-9,
702 2931 749 2988 vel
773 2931 971 3002 obliviscaris,
1003 2949 1090 3006 quum
1114 2931 1244 3007 primum
1268 2951 1283 2988 e
1305 2951 1369 2989 oon·
1450 2927 1451 2948 ¹

250 3043 354 3114 speetu
382 3035 501 3096 abieris.
552 3049 644 3110 qvaom
672 3029 841 3109 exlempZO,
875 3053 903 3094 v.
927 3033 964 3092 ad
993 3032 1100 3108 Amph.
1125 3033 1197 3092 858.
1226 3062 1269 3074 -·
1301 3035 1367 3092 434.

250 3139 324 3198 Post
354 3138 382 3198 te
409 3137 517 3212 hiatus,
542 3136 654 3196 Ritsoh.
680 3133 780 3208 „ted“.
834 3136 920 3194 Hune
948 3154 1064 3194 versum
1093 3133 1139 3194 Fl.
1164 3141 1194 3194 et
1218 3135 1266 3194 Br.
1290 3138 1367 3194 uncis

250 3242 443 3312 incluserunt,
471 3261 504 3298 ac
528 3259 597 3298 sane
621 3239 723 3298 abesse
745 3241 861 3314 potnit;
891 3237 942 3296 sed
966 3240 996 3295 in
1020 3236 1164 3296 eiusmodi
1189 3237 1367 3296 sermonibus

251 3345 375 3403 Plautus
398 3343 551 3402 verbosior
574 3359 638 3400 esse
660 3341 745 3414 solet,
770 3361 859 3418 quam
883 3340 968 3399 nobis
991 3361 1065 3418 opus
1088 3339 1217 3399 videtur.
1263 3340 1366 3400 Eadem

251 3447 288 3505 da
312 3466 399 3505 cause
420 3446 556 3504 Brixium
583 3447 614 3502 in
641 3464 729 3502 versu
753 3445 814 3501 437
844 3443 974 3502 notando
1003 3445 1086 3520 sequi
1115 3443 1208 3502 nolui.
1232 3473 1274 3484 -
1302 3445 1365 3502 435.

251 3545 378 3609 deseras
400 3549 470 3606 olim
494 3547 690 3606 amendatum.
712 3577 755 3586 -
783 3549 854 3606 438.
885 3546 943 3604 Pro
967 3565 1037 3604 vera
1058 3545 1204 3604 librorum
1227 3549 1365 3624 seriptura

252 3658 281 3710 et
303 3651 355 3709 ulii
378 3656 408 3708 et
430 3650 665 3708 Lindemannus:
699 3649 777 3721 „Fae
794 3647 881 3706 fidele
901 3649 940 3706 sis
959 3643 1075 3706 fidelis“
1095 3667 1130 3706 ex
1142 3648 1242 3708 Nonio
1253 3671 1283 3727 p.
1298 3649 1363 3708 512:

255 3753 376 3828 „Fidele
397 3773 454 3830 pro
476 3751 613 3812 fideliter.
658 3750 782 3810 Plautus
805 3750 954 3827 Captivis:
986 3751 1031 3809 fao
1053 3748 1157 3823 fidele;
1192 3773 1266 3812 oaue
1287 3751 1364 3810 fidem

251 3856 360 3916 fluxam
389 3853 497 3914 feraa“.
558 3855 615 3914 Sed
648 3857 674 3914 is
709 3859 848 3930 corrupto
882 3853 1043 3928 exemplari
1077 3873 1149 3912 usus
1178 3861 1233 3914 est.
1289 3851 1364 3927 Quod

253 3965 354 4019 autem
376 3957 495 4018 Brixius
517 3958 595 4018 huno
622 3978 740 4018 versum
769 3957 904 4033 sequenti
926 3957 1106 4033 postposuit,
1135 3977 1174 4014 ne
1197 3977 1233 4016 eo
1257 3955 1364 4034 quidem

251 4081 325 4140 opus
349 4081 412 4120 asse
435 4060 531 4121 video.
557 4091 593 4101 -
619 4062 690 4120 440.
722 4055 817 4134 buno,
847 4059 1029 4135 Hegionem,
1053 4079 1140 4135 quem
1165 4063 1224 4118 iam
1249 4062 1362 4118 amioum

252 4165 406 4237 invenisti,
437 4165 578 4222 restituto
600 4161 663 4222 filio
685 4163 779 4222 multo
803 4163 973 4220 amiciorem
995 4166 1025 4218 at
1046 4167 1225 4239 perpetuum
1249 4163 1361 4221 amicum

196 4313 202 4326 .
252 4269 394 4328 invenies.
439 4266 520 4326 Brix.
545 4272 575 4323 at
597 4265 656 4322 alia
679 4271 832 4343 comparat
853 4269 884 4322 et
900 4263 962 4324 Cio.
982 4263 1156 4337 Fanxlv,
1178 4264 1204 4338 l,
1227 4268 1261 4323 5:
1287 4261 1362 4338 ,nida
