2932 5010
222 553 283 613 294
388 623 393 632 1
703 546 855 600 Aulularia.

219 743 276 801 tini
304 739 388 800 codd.
417 739 535 799 Terent.
558 739 652 800 Andr.
677 743 733 799 29:
771 740 955 814 „Adssdum3
988 743 1089 818 paucis
1118 750 1148 803 te
1176 743 1278 804 uolo“.
1301 775 1353 786 -

223 847 292 904 194.
315 838 533 920 lcarpapalum,
553 847 697 920 ereptum,
719 846 805 920 qussi
820 843 991 922 harpagone
1009 845 1166 920 sublatum,
1185 847 1222 908 cf.
1235 847 1349 907 Bacch.

220 949 292 1007 654.
336 945 442 1004 Pseud.
476 948 545 1006 139.
575 947 646 1004 962.
674 973 717 984 ·-
744 960 812 1004 eam
839 961 921 1020 rem,
950 949 969 1006 i.
994 968 1019 1007 e.
1050 949 1086 1006 de
1114 970 1150 1008 ea
1177 970 1225 1023 re,
1256 955 1345 1027 quasi

218 1069 278 1108 non
301 1045 390 1108 adire
412 1045 455 1108 ad
471 1045 650 1125 pactionem
671 1054 860 1125 sequeretur,
884 1049 937 1107 sed
958 1051 1082 1128 pacisci3
1111 1053 1147 1112 cf.
1171 1052 1210 1110 ad
1231 1053 1345 1130 Amph.

221 1155 290 1212 515.
311 1181 348 1192 -
366 1154 436 1211 195.
459 1147 644 1210 intercisam
666 1146 800 1223 denam,
824 1151 860 1209 cl.
881 1153 950 1210 196.
984 1152 1076 1212 Mero.
1102 1155 1176 1214 546:
1205 1154 1346 1228 „Interes

218 1259 319 1312 temen
335 1255 415 1312 intro
438 1252 477 1311 ad
498 1273 544 1311 ma
566 1252 625 1312 huc
646 1254 774 1312 inuisam
793 1250 943 1314 domum“.
955 1283 998 1296 —-
1018 1257 1088 1314 196.
1111 1255 1251 1315 Numeris
1268 1257 1349 1316 deli·

219 1356 365 1416 cientibus
388 1356 440 1414 alii
468 1355 556 1413 aliter
583 1361 792 1414 succurrerunt
819 1355 959 1416 editores.
982 1357 1149 1417 Acidalius:
1188 1359 1345 1432 „Quonam

218 1457 302 1519 abis?
317 1505 323 1518 .
338 1505 345 1518 .
361 1477 507 1534 ,nemque
525 1454 600 1530 ast“,
613 1457 700 1518 Both.
737 1457 819 1532 „Quo
831 1453 938 1517 abis?“
959 1443 1038 1532 (edm
1049 1457 1147 1532 hiatu)
1169 1460 1252 1536 „Eu
1264 1462 1347 1520 lem-

216 1565 276 1620 iam
289 1608 296 1621 .
310 1607 316 1620 .
332 1607 338 1620 .
352 1555 510 1636 namque“.
533 1559 639 1635 ngn.
655 1561 735 1632 „Iam
753 1561 811 1618 huo
829 1605 836 1619 .
851 1606 857 1619 .
872 1605 899 1620 ..
917 1559 1074 1638 namque“.
1107 1563 1232 1636 Ricsch„
1256 1563 1347 1623 Neue

217 1663 348 1722 Excurse
371 1663 395 1737 Ι,
418 1683 447 1740 p.
468 1664 523 1722 8οε
557 1661 661 1734 „Quod
684 1660 767 1720 abis?
786 1683 943 1722 ...Aram
967 1669 1013 1722 ast
1035 1664 1115 1740 quod
1136 1667 1264 1725 inuisam
1288 1667 1345 1726 do·

217 1763 328 1826 mum“.
350 1795 394 1806 —-
419 1766 573 1824 197-99.
608 1764 679 1823 Haec
700 1764 881 1840 Megadorus
904 1785 1013 1840 secum,
1036 1772 1198 1845 postquam
1221 1769 1344 1828 domum

216 1869 340 1928 intravit
356 1867 471 1926 Euclio.
483 1897 526 1908 -
537 1861 736 1942 despondeat,
760 1887 799 1926 sc.
817 1887 891 1926 eam.
904 1897 947 1907 -·
968 1871 1037 1928 199.
1054 1863 1165 1947 Necce
1182 1877 1239 1930 etc.
1251 1871 1347 1948 Wag-

216 1989 288 2030 nero
304 1991 394 2047 quum
404 1972 484 2028 inter
501 1969 580 2028 hunc
596 1989 713 2028 versum
731 1975 762 2028 at
776 1970 1001 2030 antecedentem
1013 1972 1112 2030 nullus
1123 1975 1343 2032 sententiarum
1456 2022 1458 2024 ,

216 2094 309 2134 nexus
331 2072 518 2132 intercedere
539 2071 708 2146 videratur,
739 2071 884 2132 excidisse
914 2073 1029 2150 aliquid
1049 2073 1179 2151 putabat
1200 2074 1239 2133 ed
1262 2075 1348 2135 hanc

216 2177 278 2235 fera
301 2176 489 2234 sententiam.
543 2173 680 2248 „Etenim
708 2194 739 2234 sa
767 2178 850 2243 meis¹
868 2175 974 2253 opibus
1000 2196 1102 2253 param
1124 2197 1189 2236 esse
1212 2197 1342 2254 suasque

216 2281 352 2339 fortunas
379 2278 417 2336 ad
446 2296 528 2336 meos
555 2283 690 2354 sumptus
719 2277 881 2354 aequendos
910 2277 1043 2338 sufficere
1076 2275 1230 2355 negabit“.
1281 2280 1342 2338 Sad

216 2383 369 2440 sententia
391 2379 492 2438 hiatus
514 2381 564 2438 vix
586 2381 681 2438 maior
703 2385 757 2452 est,
781 2399 869 2456 quem
892 2381 943 2456 qui
965 2381 1050 2439 facile
1072 2383 1103 2440 in
1125 2400 1264 2440 sermone
1287 2383 1345 2442 ho-

216 2487 328 2542 minum
356 2485 472 2542 oriatur
499 2487 530 2540 et
558 2503 576 2540 a
604 2485 711 2560 quovis
732 2483 929 2558 intelligatur.
974 2481 1124 2556 Doridem,
1159 2486 1273 2561 inquit,
1310 2506 1343 2544 se

216 2587 427 2658 arbitrabitur,
456 2603 552 2662 nequa
575 2583 759 2656 beennon,
788 2605 857 2643 nam
879 2587 1062 2662 parsimonia
1083 2605 1185 2644 omues
1208 2595 1341 2664 superet,

216 2695 249 2747 ut
277 2687 412 2766 proiecto
438 2687 584 2746 ridiculus
611 2689 664 2760 sit,
700 2689 751 2764 qui
780 2707 847 2744 eum
876 2687 923 2744 vel
949 2687 1092 2746 indotatae
1121 2688 1192 2747 filice
1219 2693 1343 2767 nuptias

215 2792 362 2850 facturum
386 2809 459 2876 essa.
478 2789 598 2848 credere
625 2791 730 2866 possit.
754 2819 797 2828 -
819 2784 912 2862 alter,
936 2788 1102 2848 Francken.
1125 2791 1204 2850 conf.
1227 2792 1340 2869 Amph.

219 2895 310 2953 1062.
344 2891 435 2951 Posn.
449 2893 524 2951 828:
552 2911 665 2968 „neque
687 2893 834 2968 periurior
855 2911 951 2969 neque
973 2895 1058 2968 peior
1081 2893 1158 2952 alter
1180 2901 1343 2970 usquamst

216 2991 382 3071 gentium“.
399 3024 442 3036 --
466 3009 505 3054 ecc
518 2993 716 3071 paupertate,
739 2995 759 3053 i.
783 3014 808 3052 a.
831 2995 863 3051 in
884 3001 1071 3072 paupertate,
1094 3015 1148 3054 nec
1171 3016 1341 3074 pauperum

215 3117 354 3157 numerus
377 3095 575 3174 significatur,
610 3096 663 3156 sed
685 3117 720 3155 en
741 3099 811 3155 vitea
840 3095 984 3168 condicio,
1012 3097 1091 3155 unde
1120 3101 1220 3157 oritur
1242 3103 1342 3177 parsi·

215 3203 324 3260 monia.
347 3229 390 3239 -·
413 3200 484 3260 200.
512 3199 618 3258 Euclio
645 3205 805 3277 postquem
834 3198 1006 3256 thesaurum
1028 3199 1141 3258 salvum
1165 3221 1230 3260 csse
1252 3203 1343 3276 vidit,

215 3304 301 3362 latus
319 3302 406 3376 redit,
431 3303 560 3379 deosque
582 3302 638 3361 sibi
660 3302 807 3379 propitios
826 3300 984 3378 pradicat3
1006 3296 1098 3362 salua
1113 3318 1165 3362 res
1188 3305 1243 3376 est,
1267 3305 1342 3364 olim

216 3405 419 3478 emendatum
458 3405 570 3464 salvum
609 3405 703 3478 enim,
743 3405 854 3481 inquit,
893 3409 939 3462 eet
971 3403 1117 3481 quidquid
1151 3413 1224 3464 ιιοιιΙ
1244 3410 1342 3483 perit:

215 3507 363 3584 generalis
388 3508 553 3580 sententia,
582 3506 732 3583 superflua
754 3507 807 3564 ille
829 3505 962 3584 quidem,
987 3506 1040 3564 sad
1061 3506 1098 3565 eb
1120 3507 1274 3568 Euclionis
1297 3513 1345 3569 in-

216 3611 303 3687 genio
332 3627 391 3666 non
418 3614 465 3666 ast
493 3609 624 3668 alienum
651 3611 683 3667 in
713 3629 747 3668 ea
776 3611 896 3668 morari.
950 3608 1076 3670 Vahlen.
1105 3612 1137 3668 in
1166 3609 1269 3670 Herm.
1302 3611 1341 3684 X,

215 3695 246 3788 p}
268 3712 330 3769 460
353 3729 459 3787 parum
481 3711 609 3770 feliciter
631 3714 770 3770 coniecit:
806 3712 850 3786 „si
873 3711 945 3788 quid
968 3710 1130 3789 comperit“
1157 3709 1211 3786 (sc.
1234 3713 1344 3788 Mege-

216 3810 330 3887 dorus).
364 3811 530 3872 Francken.
547 3814 602 3872 hac
619 3815 859 3890 interpunctione
881 3815 992 3872 utitur:
1020 3815 1182 3888 „seluomst
1205 3817 1230 3874 si
1254 3816 1343 3892 qnid,

215 3937 276 3976 non
297 3911 407 3994 perit“.
429 3945 473 3956 —
502 3918 572 3975 201.
596 3911 680 3976 redii
701 3918 761 3974 iarn
783 3918 815 3974 in
838 3919 946 3976 ceteris
970 3916 1056 3976 codd.
1080 3919 1280 3976 emendatum.
1296 3945 1341 3957 -

217 4022 287 4080 202.
311 4015 340 4078 st'
362 4013 438 4096 qnid
457 4014 586 4091 mettis,
617 4019 653 4078 of.
678 4019 749 4078 210.
794 4017 879 4095 Capt.
904 4021 975 4078 973.
1021 4018 1086 4079 Ces.
1112 4021 1182 4080 330.
1205 4021 1243 4079 al.
1289 4025 1343 4092 „te

214 4117 304 4182 uolc“
329 4121 414 4199 Gept.
440 4123 511 4180 597.
534 4122 605 4180 972.
650 4121 731 4181 Trin.
757 4121 828 4180 516.
851 4121 889 4182 al.
938 4121 1027 4195 „Quis
1048 4141 1096 4181 me
1117 4119 1221 4182 50112ι
1269 4122 1339 4181 Ter.

213 4224 308 4284 Andr.
330 4227 401 4284 872.

302 4329 373 4386 204.
407 4321 484 4385 milti
515 4343 602 4385 versu
639 4327 760 4387 iubente
792 4328 930 4386 dslarunt
962 4327 1072 4386 Harius
1106 4327 1231 4406 aliiqne;
1271 4325 1338 4386 Wr.

133 4477 141 4490 .
217 4426 313 4500 „Dum
347 4428 466 4505 quidam
499 4448 552 4502 na,
588 4429 669 4506 quod
701 4432 901 4507 perconteris,
936 4431 1009 4490 mihi
1037 4450 1098 4490 non
1130 4431 1232 4489 lubeat
1265 4449 1336 4506 pro·
