2916 5006
66 1675 324 1792 captivorum
346 1717 553 1788 argumentum
576 1711 746 1770 huiuamodi
769 1717 823 1770 eat.
865 1711 961 1783 Quum
984 1711 1095 1770 bellum
1118 1719 1197 1772 eeeet

66 1820 147 1876 inter
171 1816 289 1876 AEtoloe
317 1821 348 1874 et
369 1815 475 1886 Eleos,
510 1814 733 1892 Philopolemus
761 1814 906 1891 Hegionis
928 1813 1023 1872 AEtoli
1051 1813 1131 1873 filiua
1158 1816 1196 1874 ab

67 1921 148 1979 Eleis
168 1923 275 1997 oeptne
293 1923 346 1976 eet.
379 1918 471 1976 Pater
488 1915 611 1994 eperan'a
629 1917 702 1988 fore,
720 1924 755 1975 nt
772 1919 991 1994 permutatione
1008 1919 1196 1996 captivorum

66 2024 146 2082 lecta
175 2020 270 2080 filium
298 2025 471 2098 recuperet,
501 2019 591 2078 Eleon
620 2020 754 2096 captivae
777 2025 1006 2092 commereatur3
1039 2023 1119 2079 inter
1141 2021 1194 2079 hoe

66 2125 277 2196 Philocratem,
300 2123 431 2182 nobilem
449 2120 563 2192 Eleum,
586 2141 647 2180 una
670 2141 735 2180 eum
758 2141 844 2181 aereo
868 2123 931 2180 eina
949 2122 1097 2199 Tyndaro.
1137 2122 1196 2182 Sed

66 2231 148 2288 inter
166 2227 317 2286 dominum
334 2244 511 2302 servumque
529 2231 715 2297 convenerat,
735 2230 769 2283 ut
787 2243 891 2284 eervue
911 2224 1032 2298 domini,
1057 2225 1195 2286 dominae

66 2335 147 2391 servi
170 2348 328 2408 pereanem
351 2327 498 2386 indueret.
539 2325 603 2398 Quo
626 2325 668 2400 tit,
691 2332 725 2386 ut
748 2347 838 2404 quum
857 2327 954 2402 Hegio
976 2347 1092 2386 eervum
1116 2335 1195 2390 aeeti-

67 2436 197 2494 matione
220 2433 299 2491 taeta
320 2432 351 2490 in
373 2431 503 2508 patriam
526 2433 678 2488 remittere
702 2430 906 2503 constitnerit,
941 2435 975 2488 ut
992 2429 1086 2490 filium
1110 2451 1195 2492 enum

67 2539 218 2597 inveniret
241 2541 272 2594 et
294 2533 331 2592 de
353 2532 557 2610 redemptione
581 2539 633 2591 ant
654 2534 874 2610 permutatione
897 2537 1013 2607 ageret,
1043 2533 1194 2596 dominum

68 2661 122 2719 pro
151 2659 237 2698 servo
267 2637 408 2720 dimittet.
464 2635 535 2694 Mox
563 2635 669 2694 fraude
691 2636 810 2694 deteota
832 2635 935 2694 furore
957 2637 1095 2697 inoeneua
1118 2639 1195 2716 Tyn·

69 2744 176 2802 darum
210 2737 402 2817 compedibus
435 2739 568 2797 vinetum
601 2739 632 2796 in
667 2737 846 2817 lapicidinae
875 2739 1004 2799 coniicit.
1061 2740 1119 2799 Sed
1147 2743 1195 2802 hie

69 2845 227 2922 Tyndarus
249 2843 343 2919 ipaiue
366 2840 508 2915 Hegionis
531 2839 610 2899 filine
632 2846 712 2913 erat,
747 2861 836 2918 quem
867 2846 937 2899 ante
967 2843 1072 2919 viginti
1102 2865 1195 2905 annon

68 2948 215 3025 fugitivus
243 2963 348 3003 aervua
377 2944 457 3002 furto
479 2963 577 3002 aecum
601 2944 775 3003 abstulerat.
828 2942 877 3002 Sin
905 2951 993 3020 pater
1019 2947 1135 3006 neecine
1164 2952 1196 3007 in

69 3069 153 3110 enum
183 3051 248 3125 ipae
276 3046 369 3106 filium
404 3048 504 3118 aurit,
539 3045 710 3122 hominique
744 3049 859 3122 optimo
893 3051 1018 3122 propter
1045 3053 1196 3123 egregiam

70 3171 143 3228 erga
171 3151 322 3210 dominum
352 3149 441 3208 fidem
464 3150 645 3223 gravissime
674 3167 767 3226 poenee
789 3147 976 3223 infliguntur.
1028 3149 1135 3209 Verum
1159 3173 1197 3212 ne

70 3257 122 3316 din
153 3259 270 3313 maneat
297 3254 424 3311 fortunae
453 3253 609 3328 iniqnitas,
644 3250 727 3308 brevi
755 3253 918 3310 revertitur
947 3249 1130 3312 Philocrate·
1161 3275 1197 3314 ex

70 3358 158 3418 Elide
190 3363 221 3415 at
250 3355 343 3416 filium
373 3355 514 3430 Hegionis
543 3373 640 3412 seeum
669 3352 779 3412 dueene
808 3357 838 3411 et
865 3371 983 3412 eerrnm
1013 3353 1110 3427 illum,
1147 3359 1197 3434 qni

71 3481 137 3521 cnm
166 3460 261 3518 altero
289 3478 384 3537 puero
414 3458 482 3516 olim
513 3457 679 3532 aufugerat.
731 3457 794 3528 Quo
822 3455 901 3514 laeto
923 3455 1079 3532 Tyndarus
1108 3477 1197 3535 agno·

70 3567 165 3624 scitur
179 3553 218 3621 vet
239 3562 409 3620 libertatem
431 3565 608 3638 patremque
631 3565 799 3636 reeuperat.

156 3665 273 3724 Fabula
306 3665 419 3740 optima
448 3669 478 3720 et
507 3663 727 3739 elegantissima
756 3681 773 3719 a
802 3663 909 3720 eoteria
948 3663 1098 3722 comoediie
1137 3685 1198 3724 nou

70 3769 146 3829 nihil
170 3767 278 3826 differt.
329 3767 426 3825 Poeta
453 3767 517 3843 ipee
539 3765 571 3822 in
594 3765 711 3842 epilogo
733 3764 911 3841 pudicitiam
934 3767 997 3824 eina
1019 3765 1134 3837 laudat,
1164 3787 1199 3826 ao

72 3892 143 3932 eane
166 3889 201 3929 eo
225 3872 343 3929 nomine
367 3867 504 3926 omnibus
525 3873 658 3945 praeetet.
714 3867 775 3926 Nee
804 3867 882 3924 enim
910 3868 940 3924 in
969 3871 1131 3941 amatorio,
1165 3874 1200 3928 ut
1244 3877 1249 3886 '

72 3976 223 4052 pleraeque
246 3971 368 4043 fabulee,
394 3975 531 4028 vereatur
553 3977 744 4044 argumento,
769 3969 820 4028 sed
844 3971 875 4026 in
897 3970 1010 4046 pietate
1033 3973 1143 4046 patrie,
1167 3973 1200 4030 in

73 4076 135 4135 filio
158 4076 266 4134 emieao
290 4079 321 4132 et
344 4079 450 4133 eontra
472 4091 587 4130 omnem
611 4091 692 4148 spem
715 4076 900 4149 recuperato.
947 4071 1032 4144 Quod
1055 4091 1144 4148 quum
1169 4077 1200 4132 et

73 4180 170 4256 ipaum
195 4177 335 4253 frequens
359 4175 568 4235 comoediarum
594 4178 783 4250 antiquarum
805 4180 1011 4248 argumentum
1030 4176 1078 4248 ait,
1101 4179 1201 4233 tamen

73 4282 249 4358 plerumque
279 4299 345 4338 eum
372 4279 424 4336 illo
452 4278 546 4336 altero
576 4278 782 4352 coniungitur;
815 4277 864 4336 hie
892 4277 987 4336 nolum
1016 4283 1200 4354 spectatores

73 4389 219 4456 moratur,
244 4384 340 4442 etita
363 4381 492 4459 quidem,
521 4386 556 4438 nt
576 4399 664 4438 nemo
689 4378 850 4457 quidquem
873 4384 1019 4456 preterea
1041 4377 1199 4439 desideret.
