2956 5010
250 503 311 565 510
753 495 872 566 captiui.

250 693 287 751 cf.
311 691 487 768 Visceriug.,
523 689 632 762 Queat.
658 689 754 750 Plaut.
778 691 821 764 11,
849 711 878 769 p.
905 691 959 762 37,
994 695 1025 747 et
1052 709 1088 747 ex
1116 689 1172 748 boc
1199 690 1296 748 edicto
1324 693 1371 748 ius

248 795 362 867 dicere,
393 793 428 853 cf.
452 793 530 851 Men.
558 795 626 852 577.
672 793 750 853 Rud.
782 795 857 852 374:
897 792 1050 868 „quamuis
1073 791 1244 850 fastidiosus
1268 793 1373 850 aedilis

249 902 308 968 est;
331 898 356 954 si
379 915 454 972 quse
477 896 621 971 inprobae
645 902 714 954 suut
737 915 859 966 merces,
881 897 975 952 iactat
997 892 1123 953 omuis‘.
1159 893 1269 952 Eadem
1293 893 1370 970 apud

248 997 366 1058 Grecos
388 999 435 1054 τοῦ
464 997 636 1074 ἀγορανόμου
668 1001 826 1074 provincia
859 1003 938 1067 erat,
973 995 1009 1055 cf.
1041 995 1105 1055 Mil.
1130 998 1207 1054 727:
1245 995 1310 1068 „Sic
1338 1002 1372 1053 ut

249 1104 339 1160 merci
372 1103 504 1178 pretium
538 1102 644 1158 statuit
674 1103 725 1178 qui
754 1085 804 1158 est
827 1099 940 1177 probus
969 1093 1197 1173 agoranomus“.
1227 1128 1270 1136 —
1300 1099 1370 1156 818.

248 1205 321 1262 Ρο11
342 1199 403 1263 sibi
430 1203 545 1274 hiatus3
580 1203 681 1261 Herm.
705 1209 820 1279 trausp.
847 1201 965 1275 „Aetoli
987 1196 1074 1272 sibi“,
1103 1201 1149 1258 Fl.
1177 1200 1295 1274 „Aetoli
1317 1203 1373 1267 sib,

248 1304 374 1365 fecere“.
398 1335 440 1346 -
463 1307 534 1365 ele.
568 1321 677 1384 repom
697 1321 754 1364 rec
775 1300 926 1381 sepultor,
949 1303 1080 1378 βασιλέων
1101 1304 1226 1378 βασιλεὺς
1248 1304 1371 1378 aarum

247 1431 338 1485 τερος,
363 1407 469 1466 Latine
492 1415 589 1466 autem
613 1409 768 1485 genetivus
791 1427 849 1466 nou
873 1407 1102 1483 comparationis
1129 1411 1175 1464 est
1203 1405 1254 1464 sed
1279 1409 1373 1484 parti-

247 1513 343 1583 tivus‚
379 1515 408 1567 et
441 1513 657 1588 comparativus
685 1530 740 1588 pro
769 1511 951 1586 superlativo
981 1511 1121 1586 ponitur,
1156 1514 1240 1586 quasi
1270 1530 1372 1586 regum

249 1615 378 1672 omnium
400 1612 457 1672 hoc
479 1614 597 1670 nomine
620 1613 818 1690 dignissimus.
843 1642 886 1652 -
908 1613 979 1671 820.
1009 1606 1094 1670 cibus
1117 1615 1284 1686 genetivum
1309 1633 1371 1670 esse

249 1719 292 1774 ait
325 1715 494 1774 Priscianus
523 1714 577 1787 VI,
609 1717 663 1786 74,
694 1737 724 1793 p.
757 1717 816 1774 259
848 1715 901 1786 H..
937 1715 972 1773 cf.
1006 1710 1135 1786 „lectus“
1167 1715 1275 1790 Amph.
1302 1719 1371 1774 509.

184 1831 185 1836 ’
248 1819 416 1877 Gronovius
430 1824 546 1876 contra:
574 1820 633 1890 „sic
645 1817 901 1894 distinguendum:
926 1817 1047 1888 Tantus,
1072 1817 1169 1874 ventri
1189 1825 1369 1876 commeatus

250 1942 329 1992 meo,
365 1921 451 1978 adest
478 1923 509 1978 in
538 1927 629 1999 portu
652 1921 744 1979 cibus.
798 1919 902 1978 Cibum
926 1919 1002 1976 euim
1025 1923 1111 1977 vocat
1133 1939 1186 1994 per
1208 1923 1372 1996 ἐπεξὴγιριν

249 2043 336 2102 quam
357 2023 447 2099 vulgo
465 2025 679 2100 appositionem
697 2027 814 2094 vocant,
839 2025 1034 2080 commeatum
1053 2025 1152 2080 ventri
1171 2041 1234 2080 suo.
1268 2021 1374 2100 Neque

248 2126 389 2202 iutelligit
416 2125 522 2197 alium,
553 2144 641 2202 quem
663 2124 916 2201 Philopolemum,
941 2144 959 2181 a
981 2143 1040 2200 quc
1061 2143 1116 2200 per
1139 2144 1254 2182 omnem
1276 2127 1370 2183 vitam

248 2229 346 2288 cibum
379 2225 548 2304 sperabat“.
599 2227 675 2285 Mihi
702 2227 847 2285 Prisciani
879 2227 972 2297 ratio,
1007 2233 1041 2284 nt
1073 2233 1254 2285 commeatus
1288 2227 1369 2286 cibus

248 2333 397 2406 iungatur,
421 2333 519 2388 verior
540 2330 668 2389 videtur.
697 2360 739 2370 —
769 2333 839 2389 821.
871 2344 972 2402 16130,
996 2349 1024 2388 v.
1049 2329 1086 2386 sd
1110 2330 1209 2388 Aulul.
1235 2324 1305 2389 389.
1326 2361 1369 2370 -

248 2429 329 2493 dunc
350 2428 526 2510 Hcpiccem
547 2448 660 2505 senem,
684 2433 721 2491 de
745 2433 850 2491 ordine
873 2431 909 2490 ef.
934 2432 971 2490 ad
990 2433 1096 2508 Amph.
1119 2434 1209 2491 1093.
1231 2463 1275 2472 -
1299 2434 1366 2490 822.

253 2531 319 2612 Qui,
344 2538 362 2595 i.
376 2557 400 2594 e.
425 2556 493 2612 quo.
538 2529 704 2608 bominum,
730 2535 811 2612 quod
833 2539 864 2594 iu
887 2535 973 2594 codd.
997 2534 1157 2606 exciderat,
1181 2535 1249 2594 add.
1272 2533 1367 2593 Came·

248 2640 355 2696 rarius.
402 2634 539 2713 adaeque
560 2635 760 2714 fortunatior,
785 2637 911 2696 11694.
938 2667 975 2676 -
1002 2639 1072 2695 824.
1096 2636 1246 2695 Lacunam
1270 2656 1371 2694 versus

133 2721 137 2728 ⁸
248 2741 366 2798 Brixius
400 2743 511 2815 optime
540 2741 691 2816 supplevit
720 2762 755 2798 ex
783 2741 890 2818 Amph.
923 2741 1002 2798 1013
1032 2745 1062 2797 et
1092 2739 1199 2798 Bacch.
1226 2742 1300 2813 5813
1332 2738 1366 2795 cl.

249 2845 337 2901 etiam
362 2843 467 2900 Pseud.
495 2843 590 2902 1135:
629 2843 728 2914 „Heus
758 2844 810 2902 ubi
834 2845 903 2901 estis
925 2835 1020 2900 uos?“
1044 2871 1087 2881 -
1110 2842 1181 2899 825.
1213 2841 1316 2899 Hiatus
1337 2843 1366 2896 iu

250 2946 381 3018 diaeresi3
404 2945 524 3003 Mfiller.
553 2944 653 3018 ‚.sese“
680 2948 756 3004 coni.
780 2975 822 2985 ··-
846 2947 916 3004 826.
940 2939 1116 3003 assulatim.
1160 2943 1238 3002 Nou.
1261 2964 1288 3021 p.
1312 2945 1364 2999 72:

252 3051 454 3123 „minutatim3
489 3049 613 3106 Plautus
636 3049 788 3124 Captiuis:
823 3051 905 3124 prius
929 3067 1016 3123 quam
1044 3045 1192 3124 pulsando
1221 3046 1365 3104 assulatim

249 3152 363 3210 foribus
386 3153 508 3208 exitium
533 3148 640 3209 dabo“.
687 3151 771 3222 Quod
795 3152 825 3208 iu
848 3149 933 3208 codd.
954 3155 1051 3220 extat,
1075 3148 1125 3206 Br.
1143 3151 1310 3225 suspicatur
1330 3148 1365 3204 ab

249 3256 336 3314 initio
354 3254 460 3311 faisse:
488 3253 660 3326 „assulatim
677 3255 725 3311 vel
743 3248 937 3323 assultatim“,
961 3251 1040 3308 mala
1057 3250 1161 3309 addita
1178 3254 1365 3311 correctione.

250 3355 293 3415 cf.
317 3355 395 3414 Meu.
420 3357 496 3414 845:
533 3355 697 3430 „dedolabo
721 3349 903 3426 assulatim“‚
934 3355 953 3410 i.
978 3375 1002 3412 e.
1026 3354 1067 3410 ito
1101 3359 1136 3411 ut
1163 3356 1275 3413 assulas
1302 3352 1367 3412 iude

248 3457 363 3515 faciam.
408 3458 499 3516 Mero.
527 3461 600 3517 159:
629 3457 761 3528 „foribus
784 3457 884 3514 facere
906 3455 985 3514 hisce
1008 3452 1151 3515 assulaa“.
1255 3521 1260 3530 ,

337 3561 406 3618 821.
432 3545 574 3637 cobloqui
595 3555 757 3631 hominem,
781 3579 809 3618 v.
834 3559 871 3616 ad
894 3559 1001 3636 Amph.
1023 3560 1093 3618 335.
1128 3557 1366 3618 GumFl.ve1·bs

249 3663 428 3738 transposui,
460 3669 494 3719 ut
517 3666 705 3738 septenarius
728 3661 911 3734 efficeretur;
948 3681 1015 3718 nam
1044 3663 1069 3719 si
1097 3661 1278 3738 relinquitur
1299 3659 1366 3718 ordo

249 3765 392 3835 codicum,
417 3767 519 3840 potius
541 3765 685 3822 iambicus
708 3765 878 3823 octonarius
901 3765 966 3822 erit.
1001 3761 1041 3821 Et
1058 3763 1113 3821 boc
1131 3763 1251 3839 quidem
1269 3761 1365 3820 Stude

248 3865 384 3938 muudus,
400 3867 500 3934 Herm.
513 3865 563 3938 VI,
576 3887 605 3942 p.
620 3869 690 3938 268,
709 3869 814 3934 tenuit,
830 3865 967 3924 Plautum
985 3865 1032 3923 1111
1051 3865 1197 3936 versibus,
1217 3865 1366 3930 sar-31,

249 3975 375 4026 metrum
398 3974 530 4026 mutasse
553 3967 730 4041 arbitratus,
760 3971 804 4026 ita
831 3975 865 4025 ut
894 3967 952 4025 duo
974 3969 1063 4044 primi
1086 3969 1233 4026 octonarii
1257 3964 1366 4024 iambici

249 4076 357 4144 esseut,
380 4073 488 4129 tertius
511 4076 684 4128 tetrameter
707 4073 842 4142 cretione,
867 4075 990 4148 quartus
1013 4088 1050 4127 ex
1073 4071 1250 4147 anapestieo
1272 4087 1365 4126 mono·

249 4179 344 4231 metro
368 4181 517 4232 constaret
541 4179 573 4230 et
595 4175 703 4231 cretico
727 4173 854 4230 dimetro
877 4193 943 4230 curn
960 4172 1195 4249 penthemimere
1211 4172 1366 4238 trochaico,

250 4277 370 4350 quintus
390 4277 575 4352 septenarius
593 4275 738 4333 iambicus
757 4281 845 4333 esset.
876 4274 968 4346 Quem
987 4276 1031 4332 ita
1047 4279 1166 4332 secutus
1185 4281 1231 4332 est
1247 4273 1366 4338 Brixiae,

250 4381 285 4432 ut
307 4382 445 4451 quartum
478 4399 597 4454 quoque
626 4377 785 4435 iambicum
814 4379 1014 4454 septenarium
1037 4377 1157 4450 faceret,
1185 4367 1364 4450 „adueuisff‘
