2916 5006
549 521 571 570 v
602 523 742 574 rei-ree.
1143 527 1204 586 469

82 717 182 774 hiatur
198 725 228 774 st
245 723 315 794 post
331 711 496 788 „auirnum“
512 721 543 772 et
561 721 631 793 post
647 711 777 786 „Eheu“.
792 745 832 754 -
855 715 922 774 153.
946 709 1027 790 Quia
1042 717 1062 774 i.
1076 736 1101 774 s.
1115 715 1203 793 quod,

81 841 107 879 v.
127 820 165 878 ad
184 821 266 880 Asin.
282 823 331 879 55.
349 849 390 859 -
412 821 479 878 155.
505 818 668 896 Hegionem
686 837 744 876 non
763 817 851 890 fallit,
875 817 990 893 quade
1014 837 1100 877 causa
1123 838 1208 896 para·
1306 834 1308 837 ·

81 927 156 982 uitus
180 923 273 981 filium
298 929 383 981 emet.
429 921 502 980 Eius
525 921 632 996 agendi
655 922 813 992 rationem,
838 939 903 997 quae
922 920 1056 980 ciborum
1075 928 1207 997 stragem

81 1028 160 1098 lecit,
185 1047 251 1084 cuni
275 1026 354 1084 bello
378 1030 539 1100 comparat.
591 1023 755 1082 Deficiente
780 1023 933 1100 epularum
956 1025 1043 1101 copia
1065 1031 1095 1082 et
1118 1045 1207 1102 appa·

82 1137 149 1187 retu
173 1125 340 1188 exereitum
362 1124 528 1186 remissum
546 1127 628 1198 dicit,
652 1131 686 1184 ut
708 1125 789 1184 nulla
813 1126 939 1202 amplius
957 1147 1004 1184 res
1022 1132 1086 1204 geri
1103 1131 1206 1205 possit.

83 1231 180 1306 (Quod
200 1235 290 1290 etiam
308 1234 338 1288 in
357 1232 534 1290 centuriatis
557 1230 684 1288 comitiis
706 1231 854 1287 exercitus
878 1230 1017 1307 imperari
1041 1237 1072 1288 et
1095 1235 1208 1291 remitti

82 1336 201 1407 dicitur,
225 1337 282 1393 hue
308 1355 365 1394 non
382 1328 537 1413 pertinet.)
584 1328 651 1390 dici
668 1331 773 1390 Lanrb.
793 1351 865 1404 em.;
891 1331 935 1392 ΡΙ.
955 1333 1003 1392 Br.
1026 1333 1207 1394 deteriorum

82 1439 166 1497 codd.
192 1441 369 1514 scripturum
396 1437 546 1515 praetulit:
584 1433 709 1508 „dixti“,
740 1455 832 1513 eaque
855 1435 893 1493 de
916 1457 1004 1494 causa
1025 1438 1128 1514 priora
1150 1439 1207 1496 He·

81 1543 178 1619 gionis
200 1541 307 1600 verba:
329 1539 429 1628 ³‚Huic
526 1535 692 1598 exercitus“
717 1541 849 1614 parasito
872 1539 1049 1611 tribuerunt,
1075 1540 1155 1616 quod
1179 1547 1209 1600 et

80 1651 186 1704 contra
208 1644 293 1703 codd.
317 1665 369 1702 nec
392 1651 473 1702 recte
495 1641 547 1715 lit3
582 1662 649 1700 nem
677 1643 805 1720 parasiti
832 1641 977 1700 illudendi
1005 1643 1124 1700 initium
1147 1663 1207 1701 non

79 1748 115 1806 eb
138 1750 220 1826 ipso,
245 1747 296 1806 sed
319 1746 356 1805 ab
380 1746 512 1822 Hegions
534 1743 599 1802 fieri
622 1745 719 1804 debet.
742 1775 784 1786 --
817 1743 874 1804 156
898 1765 943 1822 sq.
970 1744 1001 1804 Si
1024 1742 1108 1822 quod
1129 1741 1205 1806 obti-

76 1852 169 1929 μοναί
191 1851 228 1908 ub
251 1853 338 1909 initio
361 1852 505 1927 scripturn
528 1849 598 1920 fnit,
629 1849 683 1908 hoe
705 1849 851 1922 glossema
874 1850 914 1906 sit
936 1867 1054 1906 necesse
1079 1855 1138 1922 est,
1173 1869 1206 1910 aa

78 1955 175 2012 delevi
204 1955 235 2011 in
265 1954 364 2031 priore
393 1953 539 2024 editione,
574 1953 604 2010 in
639 1953 734 2011 altero
768 1971 855 2010 versu
888 1949 1118 2029 „posteaquam“
1150 1973 1205 2031 pro

77 2065 239 2134 postquem
268 2057 416 2127 scribens;
450 2055 588 2132 idemque
616 2057 675 2114 iam
703 2054 831 2130 Pylades
864 2054 984 2114 lecerat.
1041 2053 1204 2115 Lambinus

77 2181 134 2238 pro
152 2155 237 2237 quod
252 2163 373 2238 scripsit
391 2155 472 2236 quoi,
497 2159 582 2236 qussi
609 2165 660 2230 „ut
678 2155 821 2235 cuique“;
847 2177 978 2232 „omnes
1002 2177 1055 2216 suo
1079 2159 1204 2236 quisque

76 2265 158 2336 loeo,
193 2265 240 2322 cui
262 2265 418 2341 provincia
446 2259 638 2337 obtigisset“;
673 2260 754 2338 quod
784 2261 921 2337 quamvis
943 2261 1079 2339 plerique
1102 2262 1203 2322 delen·

77 2367 160 2437 dant,
185 2371 285 2424 tamen
309 2365 416 2425 Latine
439 2367 491 2424 rix
513 2364 572 2423 dici
594 2371 704 2441 potest.
749 2363 842 2422 Immo
865 2365 890 2422 si
918 2360 992 2441 quoi
1023 2385 1125 2424 verum
1148 2373 1202 2440 est,

76 2471 244 2528 necessario
285 2467 494 2554 amplectenda
530 2473 576 2526 est
610 2467 704 2526 Brixii
737 2469 815 2526 ratio
848 2469 1031 2544 posteriores
1064 2489 1202 2529 versuum

75 2579 178 2650 partes
196 2574 410 2650 permutentis3
434 2571 465 2629 id
483 2572 562 2648 quod
586 2574 644 2630 iem
667 2570 770 2648 probo,
794 2573 866 2648 quic
888 2573 1030 2647 repetitio
1056 2573 1202 2648 „fugitare

75 2676 151 2734 hene
175 2671 375 2752 provinciam“
406 2678 502 2733 minus
531 2672 669 2746 offendit,
705 2676 729 2731 si
758 2675 857 2732 statim
881 2677 1031 2750 sequitur,
1067 2697 1154 2754 quam
1178 2679 1203 2736 si

76 2799 179 2844 versus
203 2778 372 2838 intercedit.
415 2774 527 2852 „Quod
549 2783 648 2835 autem
672 2797 736 2835 oum
759 2780 896 2856 proxima
917 2778 1031 2854 syllaba
1054 2781 1201 2854 coalescit,

75 2883 112 2940 cl.
136 2882 204 2940 Aul.
229 2885 278 2952 75,
303 2887 332 2938 et
354 2900 458 2940 verene
482 2899 500 2938 a
522 2880 637 2938 duobus
661 2881 788 2956 dactylis
810 2881 926 2958 incipit.
953 2909 990 2920 -
1017 2884 1086 2942 158.
1115 2879 1201 2959 fraqi·
1276 2959 1283 2966 ·

75 2985 142 3044 lare
163 3005 204 3043 sc.
230 2973 289 3058 eos,
319 3005 355 3042 ne
379 3004 443 3043 cum
468 2982 564 3061 Gepp.
592 2980 753 3058 „fugitari“
780 2983 900 3042 scribas.
923 3013 966 3022 -
997 2984 1065 3044 159.
1095 2981 1201 3044 maelti-

73 3083 252 3164 perscribite,
277 3089 313 3148 cl.
326 3087 416 3146 Stich.
432 3089 508 3146 384:
536 3093 705 3164 „unguenta
726 3087 922 3163 multigenere
939 3084 1062 3145 multa“.
1098 3089 1202 3146 Manet

74 3179 326 3250 insimilitudine
344 3193 501 3264 exercit-ue,
525 3193 685 3268 copiasque
703 3209 889 3263 enumerans,
914 3189 1021 3267 quibus
1045 3191 1082 3248 ed
1101 3211 1199 3249 cenam
1223 3174 1225 3178 ⁵

74 3315 151 3373 opus
174 3297 228 3366 sit,
262 3296 381 3352 nomine
411 3297 445 3352 iis
470 3297 598 3372 imponit
621 3296 706 3370 quasi
728 3293 875 3352 militibus
898 3313 934 3351 ex
956 3313 1011 3353 suo
1034 3293 1201 3371 quibusque

74 3398 187 3477 oppido
209 3397 359 3474 profectis.
415 3397 481 3456 Non
509 3399 634 3475 pistores
663 3403 714 3456 eut
742 3398 888 3474 pistorum
919 3416 1010 3474 opere
1033 3397 1118 3470 dicit,
1150 3397 1201 3455 sed

75 3497 292 3574 Pistorensee,
328 3521 388 3578 quo
418 3501 607 3560 audientibus
630 3505 662 3560 iu
683 3506 813 3559 mentem
836 3502 952 3559 veniret
974 3500 1201 3560 Pistoriensium

73 3605 283 3664 Etruscorum.
319 3605 465 3663 Pictorum
484 3609 568 3664 varia
589 3625 698 3682 genere
722 3611 751 3662 et
773 3607 894 3663 nomine
911 3625 947 3662 ex
965 3605 1064 3664 titulis
1083 3606 1203 3680 collegit

73 3708 264 3786 Marquardt,
289 3709 589 3767 Privatalterthiimer
611 3709 649 3780 Π,
672 3729 701 3786 p.
727 3711 782 3782 293
816 3727 918 3766 eorum
941 3709 988 3767 hio
1011 3709 1070 3766 duo
1093 3727 1202 3783 genera

73 3819 358 3884 commemorentur,
393 3815 443 3888 qui
471 3832 578 3889 panem
608 3818 638 3870 et
668 3815 719 3889 qui
749 3811 902 3890 placentas
931 3811 1097 3884 faciebant3
1132 3813 1201 3869 inde

76 3910 232 3975 Puniceus
254 3921 290 3972 et*
306 3909 505 3974 Placentinos
528 3916 670 3986 nominat,
694 3916 748 3975 hos
773 3917 857 3992 quasi
877 3915 1031 3974 Placentia
1049 3935 1086 3972 ex
1102 3914 1201 3972 Gellia

73 4018 228 4096 Cisalpina
251 4018 402 4092 oriundos,
431 3999 498 4077 illos
522 4019 647 4076 fortasse
670 4021 766 4092 ignoti
789 4019 913 4078 alicuius
935 4018 1069 4096 oppiduli
1092 4037 1200 4076 nornen

72 4123 249 4194 reserentes,
273 4141 300 4180 v.
320 4121 483 4196 Viesering,
507 4123 617 4194 Quaeet.
638 4121 769 4183 Plautin.
788 4121 801 4179 l
818 4143 847 4200 p.
868 4123 906 4182 77
926 4143 970 4199 eq.
1005 4121 1079 4180 Tum
1096 4119 1199 4178 turdo·

73 4247 141 4284 rum
165 4245 255 4283 causa
279 4219 475 4286 Trcdetcncc
495 4229 637 4300 nominat,
662 4225 813 4304 Hispaniae
832 4227 985 4303 populum,
1009 4225 1201 4284 ficedulerum

73 4351 164 4390 cause
200 4323 437 4400 Remittentur,
472 4331 522 4407 qui
556 4330 606 4388 ubi
640 4329 842 4388 habitaverint
875 4334 1044 4406 ignoratum
1078 4335 1202 4406 propter

71 4437 202 4512 piscium
224 4435 308 4494 varia
327 4451 437 4506 genera
453 4428 629 4494 enaritimos
647 4449 753 4494 omnes
770 4429 885 4492 milites
903 4437 988 4509 quasi
1006 4433 1140 4490 homines
1163 4453 1198 4490 cx
