2916 5006
551 529 583 582 V.
602 529 744 584 907-941.
1143 538 1206 598 433

78 722 199 798 recepit
215 721 337 792 Riteeh,
360 729 394 780 ut
417 725 508 781 etiam
530 741 566 780 ex
583 723 754 799 corruptela
771 723 879 781 codicis
896 723 918 781 C
938 729 1106 798 „termento
1124 707 1214 783 ruit“¹

78 824 242 896 scriberet,
266 824 345 902 quod
363 825 438 882 nihil
456 830 509 898 est,
534 845 625 902 quum
644 827 806 883 rectissime
825 823 940 884 dicatur
966 826 1114 886 termento
1135 821 1205 900 fail,

76 928 97 984 i.
122 945 150 983 e.
177 929 273 984 ruinre
300 933 352 986 aut
379 927 493 986 excidio
521 929 592 1000 fuit,
627 947 680 986 neo
710 928 825 1002 praeut
858 929 1088 1004 comparativum
1122 926 1205 1007 sequi

77 1030 188 1102 soleat,
211 1051 241 1089 v.
265 1029 302 1088 ad
319 1030 426 1107 Amph.
441 1033 512 1089 370.
546 1030 639 1088 Immo
662 1030 721 1088 alia
742 1030 888 1088 tentanda
909 1037 979 1088 sunt
999 1031 1095 1090 volut:
1122 1031 1206 1106 ,Non

77 1152 177 1208 equos
199 1135 238 1191 iis
260 1137 406 1190 termento
438 1130 528 1205 fuid,
564 1139 631 1192 aut:
659 1133 769 1206 „Nemo
792 1132 857 1191 ibus
886 1139 1032 1192 termento
1055 1133 1143 1207 fuid,
1173 1141 1208 1194 ut

81 1231 188 1302 „ibus“
215 1237 283 1292 κατὰ
306 1237 413 1292 σύνεσιν
442 1235 479 1293 ad
502 1235 645 1296 Troianos
668 1236 828 1308 referatur,
860 1243 928 1294 aut:
968 1236 1052 1309 ,Non
1081 1237 1206 1314 proinde

77 1337 109 1394 id
127 1343 282 1396 termento
299 1335 394 1410 fuit“;
417 1338 542 1412 proinde
561 1345 605 1397 est
623 1342 699 1398 eninr
717 1338 796 1396 idem
814 1339 893 1416 quod
911 1338 1043 1414 perinde,
1067 1361 1094 1398 v.
1112 1340 1204 1399 Stich.

80 1441 153 1498 104.
184 1440 292 1516 Amph.
317 1443 388 1500 953.
422 1442 489 1500 Ter.
513 1441 630 1500 Phorm.
655 1443 726 1500 382.
770 1440 841 1500 Ηοο.
866 1443 937 1501 218.
979 1441 1114 1500 Gertaius
1136 1463 1205 1520 pro-

76 1547 196 1618 posuit:
236 1543 321 1614 ,Non
343 1543 510 1619 Phrygibus
538 1549 717 1604 termentum
739 1539 827 1602 fuid.
882 1542 1020 1602 Ceteram
1055 1547 1085 1602 in
1119 1545 1206 1604 huius

76 1665 185 1704 verens
202 1648 283 1705 exitu
298 1647 569 1724 interpungendum
586 1652 639 1720 est,
652 1666 720 1720 non,
741 1653 775 1706 ut
785 1647 875 1720 vulgo
887 1646 1009 1719 faciunt,
1022 1649 1053 1705 in
1065 1649 1204 1724 proximi.

75 1777 119 1788 -·
143 1750 220 1808 927.
244 1748 316 1806 Post
335 1765 427 1826 quam
444 1750 556 1822 hiatus;
580 1749 628 1808 R.:
656 1749 731 1824 ,huo
748 1751 832 1826 prius
851 1747 968 1826 quam“,
992 1747 1103 1807 Miiller
1118 1747 1202 1822 ,hic“

75 1851 165 1908 addit
190 1856 259 1927 post
279 1849 384 1924 ,huc“.
402 1883 443 1892 —
468 1855 538 1912 928.
562 1853 620 1910 Pro
645 1846 772 1912 Hieme
793 1847 952 1926 „Perarne“
979 1851 1204 1910 allitterationir
1267 1918 1270 1924 ,

76 1973 169 2012 causa
194 1955 379 2012 commendat
399 1953 544 2015 Fleckeis.
567 1956 644 2014 Ann.
667 1955 740 2032 phil.
764 1953 840 2027 CIII,
863 1975 892 2031 p.
918 1957 944 2028 8,
969 1961 1031 2013 not.
1064 1985 1100 1994 -
1131 1957 1202 2014 929.

74 2049 251 2116 multabere
268 2057 405 2130 footel),
429 2059 588 2136 namquid
609 2061 649 2118 eit
671 2059 796 2136 pecunia
813 2058 941 2116 mulcare
961 2057 1097 2134 aliquem,
1116 2076 1203 2114 nemo

76 2159 149 2218 dum
184 2160 352 2236 explicavit.
387 2191 430 2200 -
464 2157 702 2239 quadrinyealtr
735 2161 857 2220 alteram
892 2161 1029 2236 corripit,
1064 2159 1100 2218 cf.
1130 2161 1201 2218 969.

75 2261 199 2338 Proleg.
223 2281 252 2338 p.
277 2265 348 2322 203.
405 2263 574 2324 Schneider.
589 2270 629 2323 et
651 2264 764 2322 Ritsolr.
792 2259 1031 2341 ,quadrigentis“
1057 2261 1200 2320 scribunt.

74 2365 123 2422 Ad
146 2383 305 2424 numerum
329 2366 410 2443 quod
432 2369 557 2440 attinet,
591 2367 733 2426 ducentos
755 2365 918 2425 Nicobulue
941 2365 1029 2423 militi
1050 2366 1200 2443 promisit,

76 2468 194 2527 alteros
218 2468 360 2528 ducentos
382 2489 459 2529 nova
481 2469 611 2547 epistole
633 2469 793 2546 Chrysalus
816 2469 938 2528 auferet.
951 2497 988 2509 -
1011 2469 1081 2527 930.
1109 2467 1201 2540 „Nam
1285 2517 1287 2522 .

75 2569 139 2629 hre“
168 2571 268 2648 inquit
293 2573 437 2646 ,tabellae,
462 2593 535 2650 quas
556 2573 629 2646 fero,
653 2592 712 2631 non
735 2577 805 2631 aunt
820 2572 946 2645 tabella,
970 2571 1022 2630 sed
1040 2589 1132 2648 equus
1150 2571 1201 2628 ille

76 2669 227 2748 ligneus“.
283 2673 328 2732 De
356 2679 533 2735 attractione
567 2675 792 2734 demonstrativi
825 2674 863 2734 ad
891 2676 1047 2734 relativum
1074 2673 1134 2731 rid.
1164 2673 1201 2730 ad

76 2777 189 2854 Amph.
216 2779 306 2836 1002.
331 2807 372 2819 -
394 2775 600 2856 coueipootao,
623 2799 650 2838 v.
675 2778 712 2837 ad
735 2781 806 2838 919.
829 2809 872 2818 —
896 2779 966 2837 932.
991 2771 1110 2852 Epioe,
1140 2775 1200 2833 doli

75 2880 254 2952 fabricator,
277 2881 418 2958 ut'Verg.
443 2883 511 2940 AEn.
535 2882 574 2944 11.
598 2885 669 2940 264.
698 2911 740 2920 -·-
768 2883 838 2940 933.
863 2879 1062 2958 Tryphiodor.
1085 2901 1113 2937 v.
1137 2881 1198 2937 498

75 3002 119 3059 aq.
156 2981 260 3039 Αὐτίκα
290 2982 314 3038 δ’
343 2983 498 3060 Ἀργείοισιν
524 2985 657 3056 Ἀχιλλῆος
685 2987 761 3060 παρὰ
788 2985 886 3059 τύμβον
911 2983 1046 3060 Ἀγγελιῖην
1075 2983 1198 3055 ἀνέφαινε

74 3089 166 3142 Σίνων
188 3085 316 3162 adpeyyii
344 3087 421 3161 ὕαλῷ.
450 3119 493 3127 -
526 3089 597 3146 934.
632 3090 693 3145 Aut
720 3093 789 3164 post
818 3101 922 3144 seeum
950 3091 1001 3142 aut
1029 3089 1097 3161 post
1125 3080 1199 3143 olim

75 3187 196 3261 hiatur;
230 3187 342 3248 Ritaoh.
367 3189 507 3265 Pyladem
538 3195 657 3248 secutus
688 3187 757 3263 „ut“
784 3187 907 3246 addidIt.
933 3217 970 3227 -
1001 3190 1073 3247 935.
1103 3182 1199 3246 Nune

75 3289 204 3350 Gaietus
225 3286 367 3352 restituit.
427 3290 533 3366 ,SIno“
559 3295 601 3350 ait
627 3294 715 3366 „olim
738 3296 835 3370 ignem
857 3289 977 3362 habuit,
1001 3309 1060 3366 quo
1082 3291 1195 3365 signum

77 3390 180 3465 daret,
204 3413 281 3451 nunc
303 3395 380 3469 ignis
403 3395 559 3454 habentem
583 3399 680 3474 iprum
702 3398 778 3467 urit;
802 3413 870 3452 nam
886 3392 1009 3451 Bacchis
1025 3395 1103 3470 ignis
1120 3391 1195 3452 est“.

77 3521 115 3532 -
130 3496 204 3555 938.
228 3495 334 3556 Hiatus
349 3498 464 3557 vitandi
482 3499 622 3559 causali.
641 3519 705 3558 cum
723 3497 830 3556 Guieto
848 3502 977 3574 transp:
1004 3496 1078 3570 „hoc
1095 3497 1197 3554 insunt
1308 3537 1313 3547 -

75 3597 106 3654 in
118 3595 233 3674 cquo“;
251 3599 370 3658 Buchel.
387 3601 533 3678 ,equod“;
552 3603 604 3660 sed
616 3601 780 3660 desiderari
792 3599 905 3676 aliquid
917 3599 1043 3658 videtur.
1068 3599 1195 3674 Miller,

75 3699 199 3758 Nachtr.
215 3703 272 3760 123
286 3723 329 3780 sq.
345 3700 477 3778 „[1nulti]
490 3702 629 3764 milites“.
644 3705 805 3763 'Luchsin
820 3703 916 3761 Herm.
930 3701 1009 3774 VIII,
1027 3705 1099 3760 124:
1121 3697 1196 3778 „hoc

75 3803 106 3859 in
123 3823 202 3879 equo
222 3801 313 3881 [quae]
331 3808 440 3878 insunt,
462 3805 557 3882 [sunt]
576 3803 721 3878 milites“;
745 3805 882 3884 equidem
901 3805 947 3864 tot
964 3811 1031 3863 ante
1049 3801 1104 3865 boo
1120 3809 1194 3864 exci-

77 3905 154 3964 disse
168 3907 265 3966 credo.
280 3937 317 3948 -
331 3911 402 3969 937.
425 3907 470 3970 mi
481 3925 579 3988 aeque
590 3911 676 3968 Both.
690 3911 829 3969 restituit.
844 3937 881 3948 -
897 3910 967 3966 938.
992 3923 1097 3967 aream
1107 3929 1195 3985 pocu-

76 4011 141 4082 niae,
166 4011 269 4086 quales
292 4014 380 4070 etiarn
403 4033 480 4072 nunc
502 4016 532 4072 iu
556 4013 693 4072 cavaediis
715 4013 904 4088 Pompeianis
926 4013 1126 4084 inveniuntur,
1155 4010 1193 4071 cl.

77 4110 263 4188 Marquardt.
287 4113 510 4176 Privatalterth.
530 4117 553 4190 I,
577 4137 606 4196 p.
621 4119 691 4174 245.
711 4145 753 4154 -
775 4117 846 4174 939.
870 4108 1014 4173 Ecetram
1031 4109 1193 4189 excidium,

77 4213 132 4273 hoc
154 4215 259 4275 ordine
281 4219 316 4276 A.
373 4215 530 4280 exlecebra
557 4221 647 4277 etiam
676 4223 706 4277 in
734 4221 760 4276 A
787 4219 908 4290 lectum,
944 4235 1008 4293 quae
1036 4218 1193 4294 pecuniam

78 4319 171 4390 elicit,
196 4321 231 4377 ct.
257 4320 333 4378 Meu.
360 4322 435 4380 370:
470 4324 531 4395 „ita
554 4329 622 4380 sunt
644 4321 690 4379 hic
714 4323 891 4392 meretrices,
916 4337 1017 4378 omnes
1041 4319 1192 4377 elecebrae

78 4420 282 4495 argentariae“
314 4454 355 4462 -
386 4427 456 4484 941.
485 4441 555 4484 sum
583 4425 683 4483 addidi
713 4443 776 4480 cnm
808 4423 976 4490 llerrnanno
1005 4431 1035 4479 et
1064 4423 1192 4481 Miillero

956 4541 991 4594 28
