2932 5010
249 518 310 578 320
733 510 883 566 Aulularia

247 706 374 782 Congrio
401 709 436 764 ut
461 725 495 764 se
522 703 710 782 defenderet,
743 706 872 766 cultrum
901 706 1039 784 protulit.
1089 705 1174 779 Quod
1197 726 1290 783 quum
1310 707 1365 782 pri·
1445 697 1446 722 ³

246 830 324 868 mum
348 808 451 868 Euclio
472 808 565 882 vidis,
598 828 630 868 ss
658 827 726 866 eum
756 808 836 888 apud
864 791 1058 883 magistratus
1086 815 1295 870 accusaturum
1317 813 1364 881 ait,

246 931 421 988 causamque
452 915 587 989 rogatus,
621 913 647 970 si
680 911 811 972 edItorss
840 913 993 990 sequimur
1023 917 1093 990 poet
1122 908 1254 986 „hebes“
1283 911 1366 989 plene

244 1017 503 1092 interpungentes,
526 1014 705 1092 respondet:
743 1009 823 1092 Quia
846 1009 979 1075 cultum
998 1009 1108 1088 halle&
1142 1018 1254 1093 inepte,
1278 1016 1364 1092 siqui·

245 1119 311 1178 dens
340 1120 432 1178 etiam
459 1117 524 1194 lege
546 1117 685 1176 Cornelia
712 1118 750 1176 de
777 1119 894 1178 sicariis
922 1137 982 1178 non
1004 1119 1036 1177 in
1058 1137 1125 1176 eum
1148 1117 1365 1192 advertebatur,
1446 1173 1447 1202 ,

245 1223 297 1297 qni
319 1241 385 1280 cum
407 1219 469 1278 telo
491 1219 607 1293 fuisset,
630 1220 683 1280 sod
706 1223 736 1280 in
759 1241 834 1295 snm,
859 1223 910 1299 qui
932 1221 1059 1280 hominis
1082 1219 1237 1280 occidendi
1260 1220 1367 1278 furtive
1446 1211 1447 1236 ³

244 1323 372 1382 faciendi
395 1342 484 1382 eausa
500 1341 567 1382 oum
584 1323 645 1382 telo
661 1323 880 1398 ambulavisset,
903 1345 931 1384 v.
949 1324 1092 1384 Marcion.
1104 1325 1136 1382 in
1152 1322 1219 1402 Dig.
1232 1322 1365 1394 XLVIII,

246 1429 274 1498 8,
302 1429 328 1484 l.
373 1425 429 1498 Qui
452 1443 534 1484 error
556 1445 645 1502 quum
668 1426 807 1486 latuisset
824 1427 1016 1505 interpretes,
1039 1427 1165 1486 alterum
1183 1425 1366 1484 animadver-

245 1533 362 1602 terunt,
388 1523 473 1604 Quid
494 1524 689 1589 consumtus
710 1524 808 1590 mili?
839 1531 928 1590 nimis
950 1529 1106 1604 languerc;
1134 1549 1227 1605 qnare
1253 1525 1363 1602 „alius“

244 1633 288 1690 cit
309 1631 462 1692 Acidaliae
495 1638 696 1706 ,correxeratz
732 1631 831 1705 Quid?
865 1632 947 1710 quod
975 1634 1108 1692 minetur
1140 1627 1269 1706 mihi?“,
1304 1634 1366 1709 ipss

244 1735 362 1794 moluit:
405 1735 503 1810 „Quin
530 1735 727 1794 comminatus
755 1731 858 1795 mihi“.
908 1734 997 1794 Both.
1024 1735 1120 1808 ,Quia
1147 1733 1364 1794 conmissum&
1447 1749 1448 1794 l

245 1835 408 1898 Francken.
435 1837 569 1910 „Quosl“.
604 1837 732 1915 Utrique
753 1840 828 1896 vitio
851 1838 939 1898 simul
962 1837 1124 1912 medemur,
1146 1839 1172 1896 si
1191 1834 1246 1914 qui
1264 1837 1364 1895 scribi-
1447 1829 1448 1834 ¹

243 1961 308 1999 mus
330 1961 386 2018 pro
410 1935 494 2016 quid.
540 1939 609 1999 Hsec
632 1945 709 2000 enim
732 1941 883 2000 Euclionis
907 1942 1057 2000 accusatio
1081 1945 1141 2014 est,
1165 1940 1247 2018 quod
1270 1941 1365 2000 cultro

244 2043 299 2102 sibi
322 2045 450 2104 minatus
471 2045 519 2114 sit,
542 2044 590 2102 vel
611 2044 691 2120 quod
714 2044 842 2102 cultrum
864 2044 981 2118 habeat,
1005 2063 1064 2122 quo
1085 2043 1143 2104 sibi
1166 2046 1298 2102 minatus
1319 2045 1364 2101 eil.

243 2147 445 2206 Posteriorem
469 2146 586 2206 dicendi
608 2149 755 2206 rationem
777 2147 902 2206 Plautus
924 2149 1073 2225 pretulit,
1108 2167 1168 2223 quo
1196 2146 1296 2224 lepide
1324 2147 1364 2204 illi

243 2251 465 2308 interlocutioni
486 2250 583 2308 locum
612 2249 712 2324 daret,
746 2271 807 2327 qns
832 2253 1010 2310 sententium
1040 2250 1172 2310 noudum
1200 2249 1363 2308 absolutam

244 2373 355 2428 coquus
378 2353 578 2430 interrumpit,
601 2372 684 2412 more
700 2353 731 2412 iu
754 2353 905 2412 comoediis
926 2353 1112 2430 pervulgato,
1136 2353 1196 2412 vid.
1209 2353 1247 2411 ad
1260 2352 1363 2428 Amph.
1448 2377 1449 2392 .

246 2456 336 2513 1136.
386 2448 522 2532 Ooquom
545 2450 642 2528 decet,
676 2455 774 2514 cultro
804 2457 882 2516 anim
910 2456 948 2516 sd
975 2457 1134 2534 plerasque
1162 2474 1210 2514 res
1239 2457 1265 2514 si
1294 2475 1364 2533 opus

243 2561 298 2630 est,
322 2556 401 2617 unde
423 2559 512 2616 etism
535 2559 621 2635 coqui
644 2577 750 2618 nomen
772 2579 800 2618 v.
822 2561 882 2618 ³90
909 2554 1107 2633 „Mechnrio“
1133 2556 1236 2616 fictum
1259 2564 1364 2618 eet.—

243 2662 315 2719 410.
346 2655 435 2736 quia,
464 2661 483 2720 i.
507 2680 532 2720 e.
557 2659 651 2737 qnod,
679 2681 707 2720 v.
731 2661 770 2720 ad
791 2662 874 2721 Asin.
900 2664 949 2721 55.
1004 2661 1039 2720 Id
1062 2681 1152 2720 unum
1175 2679 1206 2718 ss
1229 2681 1363 2738 peccasse

243 2763 331 2837 dicit,
366 2763 447 2841 quod
474 2764 546 2824 solis
574 2765 661 2822 minis
687 2783 757 2824 usne
786 2766 826 2824 sit
847 2785 903 2824 nec
924 2765 1054 2824 cultrum
1076 2767 1107 2824 in
1129 2764 1207 2822 latus
1230 2763 1363 2822 Euclioni

242 2866 436 2942 impresserit.
459 2896 502 2906 -
531 2867 603 2926 412.
637 2866 710 2926 Post
738 2861 873 2942 amplius
900 2887 964 2928 voc.
982 2863 1061 2944 plus
1090 2869 1133 2928 ita
1155 2865 1283 2926 offendit
1304 2865 1362 2924 edi-

242 2973 332 3042 tores,
354 2975 389 3026 nt
411 2969 462 3026 olii
483 2970 540 3028 hoc
563 2969 613 3027 olii
631 2969 705 3027 illud
723 2969 881 3028 dolendum
898 2976 1066 3043 censerent;
1100 2967 1239 3048 equidem
1257 2989 1295 3028 ns
1311 2968 1362 3026 hoc

242 3071 362 3149 qniclem
383 3070 529 3130 Plautina
551 3070 739 3130 abundantias
762 3073 928 3150 exemplum
945 3074 1052 3132 tollere
1072 3073 1176 3144 audeo,
1200 3073 1362 3148 prasertim

241 3195 332 3252 quum
354 3179 515 3252 utrumqne
538 3193 597 3233 non
619 3175 723 3233 codem
747 3174 910 3249 reseratum
941 3169 1017 3250 plus
1045 3179 1123 3234 enim
1146 3173 1296 3233 obiectum
1320 3177 1363 3230 est

240 3278 326 3338 verbi
361 3272 476 3353 sanim,
510 3273 645 3354 amplius
672 3297 739 3336 cuns
769 3273 807 3338 cle
834 3275 991 3338 industrie
1019 3279 1101 3352 iungi
1123 3281 1229 3354 possit.
1280 3273 1361 3348 Quod

241 3380 371 3440 Weisius
393 3400 450 3457 pro
472 3375 554 3440 mule
577 3381 698 3457 scripsit
723 3377 842 3454 „meli“,
865 3401 900 3438 eo
918 3401 978 3442 non
996 3387 1042 3440 cst
1058 3399 1148 3456 opus,
1172 3377 1248 3457 quoi
1267 3385 1361 3438 antem

239 3502 296 3560 pro
319 3497 379 3560 quo
402 3489 480 3542 recte
502 3485 532 3542 in
555 3483 579 3541 B
601 3481 790 3542 emendatum
812 3489 867 3544 est.
886 3511 928 3524 ·-
945 3485 1018 3542 413.
1041 3479 1100 3544 etei
1120 3485 1250 3560 priinam
1273 3482 1360 3542 corri-

240 3585 300 3662 pit,
328 3605 356 3654 v,
379 3584 516 3663 Prolsgg.
538 3607 568 3664 p.
593 3587 664 3646 205.
711 3581 800 3646 iestis
828 3585 875 3646 esi
896 3585 999 3660 codd.;
1034 3583 1169 3659 ,testist“
1196 3585 1359 3662 legendum.

242 3715 279 3727 -
305 3686 376 3745 414.
398 3681 539 3762 fustibus
560 3707 592 3746 ee
614 3689 658 3746 ita
679 3688 867 3748 verberatum
891 3687 977 3760 dicit,
1010 3692 1044 3745 ut
1064 3683 1171 3747 mollis
1193 3690 1234 3746 sit
1256 3689 1357 3758 lactus,

240 3789 277 3850 el.
299 3789 364 3850 Mil.
390 3789 487 3848 1415:
524 3789 626 3863 ,Mitis
654 3811 718 3850 suns
746 3791 884 3868 equidem
911 3787 1070 3850 lustibns“.
1115 3787 1175 3848 Sed
1205 3809 1358 3850 moresne

240 3913 276 3952 ex
298 3893 434 3952 obscenis
457 3895 548 3950 risum
572 3911 706 3970 quaerens
729 3889 847 3954 ciuoedo
875 3893 1041 3952 molliorem
1063 3911 1096 3951 es
1118 3891 1206 3966 dicit,
1238 3894 1274 3952 cf.
1297 3893 1356 3952 llil

241 3997 316 4055 669:
354 3994 412 4069 „sd
434 3993 606 4054 saltandum
627 4015 687 4056 non
709 3995 839 4056 cinaedns
860 3995 993 4056 mulsoue
1016 4001 1139 4072 aequest
1160 4001 1253 4073 atque
1276 3991 1356 4070 08⁰⁸·

240 4099 276 4158 cf.
300 4098 380 4158 Men.
405 4100 475 4158 502.
512 4097 592 4156 Pers.
609 4099 680 4158 801.
714 4098 804 4158 Stich.
819 4102 889 4159 755.
926 4099 1010 4157 Lucil
1032 4097 1056 4172 I,
1083 4100 1138 4158 31:
1165 4078 1281 4172 „Stulte
1303 4098 1356 4158 sal·

238 4205 335 4260 totum
356 4205 388 4260 te
404 4202 483 4260 inter
501 4202 620 4260 uenisse
639 4198 808 4262 cinaedos“.
842 4201 942 4279 Scipio
958 4202 1116 4260 Africanus
1133 4201 1214 4279 apud
1226 4201 1354 4260 Macrob.

239 4303 301 4364 Sat.
324 4303 363 4378 11,
389 4306 442 4362 10:
470 4309 567 4376 „eunt
591 4303 721 4380 inquam,
744 4305 775 4364 in
797 4305 900 4364 ludum
922 4306 1109 4364 saltstorinm
1131 4305 1212 4362 inter
1233 4303 1355 4364 cinados

239 4408 369 4480 virgines
390 4407 535 4482 puerique
558 4403 709 4484 ingenui“.
753 4408 867 4466 Nonius
890 4429 919 4485 p.
946 4411 973 4481 5,
1002 4409 1054 4484 qui
1078 4408 1155 4466 hunc
1177 4427 1292 4466 versum
1313 4407 1354 4462 sic
