2922 5006
564 505 715 559 curuare.
1141 511 1202 574 271

159 698 262 758 Etiam
284 699 499 777 posterioribus
522 700 637 758 succulis
659 699 735 758 banc
758 699 886 758 fabulam
910 705 941 757 et
962 703 994 759 in
1016 721 1103 760 scena
1120 723 1209 779 spec·

80 805 166 860 tatem
191 808 222 860 et
245 803 335 880 vulgo
357 803 521 862 lectitatum
552 821 617 861 esse
645 801 732 860 facile
761 802 917 860 credimus.
973 801 1071 864 Unum
1101 804 1202 862 afferri

78 909 190 980 potest,
216 905 298 981 quod
322 905 450 982 quodam
473 905 561 964 modo
583 905 640 963 huc
662 907 827 980 pertineat,
857 911 988 964 extremo
1012 908 1203 983 antiquitatis

77 1015 209 1085 ternpore
228 1007 361 1067 fabulam
379 1010 577 1086 compositam
594 1027 658 1065 esse
670 1007 775 1066 similis
792 1009 920 1066 nominis
940 1013 970 1066 et
986 1011 1103 1085 cognati
1116 1029 1202 1088 argu·

77 1113 174 1169 menti.
210 1111 257 1169 Ea
269 1111 456 1183 Querolns
475 1111 537 1168 sive
549 1111 754 1168 Aulularia
772 1109 955 1184 inscribitur,
968 1113 1204 1189 primariumque

77 1231 230 1288 personam
271 1213 362 1272 habet
400 1213 547 1273 hominem
581 1233 743 1291 pauperem
777 1213 813 1271 do
846 1213 969 1271 fortuna
1000 1233 1054 1272 sua
1086 1234 1205 1290 semper

78 1321 267 1391 querentem,
301 1315 459 1388 Querolum
494 1317 645 1376 Euclionis
678 1314 781 1374 filium.
836 1313 932 1374 Huius
965 1321 1053 1393 pater
1085 1337 1202 1391 avarus,

77 1437 163 1492 quum
192 1437 320 1496 peregre
346 1417 599 1497 proficisceretur,
635 1419 723 1477 ollam
752 1419 816 1477 auri
842 1419 963 1496 plenam
991 1418 1071 1498 apud
1104 1420 1202 1478 focum

77 1520 181 1578 adium
198 1541 320 1581 suarum
338 1521 462 1596 defodit,
487 1523 600 1598 ignaris
617 1521 762 1592 omnibus,
787 1527 886 1598 atque,
910 1525 945 1579 ut
967 1521 1057 1580 etiam
1080 1523 1203 1582 inventa

76 1622 203 1696 falleret,
235 1643 317 1683 urna
338 1625 458 1684 titulum
481 1624 615 1698 addidit,
646 1623 731 1700 qnasi
754 1643 821 1682 ossa
842 1625 937 1702 patris
959 1625 1005 1681 sui
1028 1627 1202 1686 contineret.

77 1723 131 1783 Sed
163 1725 309 1786 thesauro
341 1732 427 1786 tanta
460 1747 531 1787 cura
564 1726 740 1786 abscondito
774 1727 833 1784 frui
865 1745 923 1786 non
953 1728 1093 1804 contigit,
1134 1748 1201 1786 nam

76 1831 193 1903 peregri
222 1835 358 1888 mortuus
387 1835 442 1889 est.
497 1831 629 1888 Moriens
652 1831 747 1888 emico
770 1827 887 1888 cuidam
910 1829 1046 1902 mandat,
1081 1835 1115 1888 ut
1137 1829 1206 1888 filio

77 1936 220 1990 secretum
258 1934 389 2010 aperiat,
420 1938 451 1991 et
483 1933 635 2010 premium
669 1933 759 1992 huius
792 1931 926 2010 obsequii
963 1933 1103 1991 decimam
1137 1932 1202 1991 the·

76 2034 152 2089 scnri
175 2039 293 2110 partem
316 2036 343 2092 ci
366 2035 533 2112 pollicetur.
578 2034 607 2092 Is
631 2040 730 2094 autem
752 2039 849 2094 totum
873 2053 961 2111 quam
983 2039 1097 2111 partem
1116 2053 1200 2093 occu·

77 2153 143 2208 pare
164 2136 295 2208 mavult,
331 2142 361 2195 et
391 2157 482 2214 quum
510 2137 671 2209 Querolum
699 2138 941 2214 superstitiosum
964 2135 1112 2194 hominem
1136 2155 1204 2194 esse

76 2240 275 2314 comperisset,
299 2241 352 2297 tali
374 2239 479 2298 fraude
502 2259 564 2298 rem
588 2239 769 2316 aggreditur.
803 2239 923 2314 Magum
941 2259 972 2297 se
991 2259 1053 2298 esse
1071 2239 1202 2311 simulat,

76 2339 119 2396 cni
139 2339 343 2417 „potestates“
369 2362 470 2401 omnes
493 2315 626 2420 parcarit,
651 2348 681 2400 et
704 2361 793 2419 quum
813 2341 959 2414 Querolus
981 2342 1059 2400 mala
1081 2341 1201 2399 fortuna

75 2450 236 2516 prematur,
261 2464 296 2502 ea
313 2464 344 2502 se
361 2463 429 2503 enm
446 2445 645 2504 liberaturum
667 2445 825 2522 promittit.
871 2443 935 2504 Hoc
957 2443 1022 2502 fieri
1044 2463 1140 2522 posse,
1165 2444 1200 2516 si,

77 2547 214 2623 quicquid
234 2548 313 2605 circa
329 2547 426 2606 focum
443 2547 540 2606 sordis
557 2553 586 2606 et
602 2552 689 2606 terrae
709 2553 793 2620 esset,
818 2553 952 2622 egestum
964 2553 1049 2606 esset.
1083 2545 1202 2606 Effosaa

76 2651 152 2706 terra
174 2667 239 2706 una
268 2667 333 2707 cum
363 2650 423 2710 clla
453 2651 483 2708 in
514 2669 611 2710 arcam
641 2651 827 2726 congeritur,
852 2669 939 2728 quam
963 2636 1109 2722 Querolus
1136 2649 1202 2727 ipse

77 2751 133 2807 suis
149 2751 284 2810 humeris
301 2773 337 2810 ex
355 2752 468 2812 aedibua
486 2753 580 2826 effert,
604 2759 635 2811 ct
654 2755 765 2812 amicus
783 2753 936 2831 improbus
954 2751 1057 2830 praeda
1074 2753 1203 2830 potitur.

77 2849 128 2909 Sed
152 2859 261 2929 aperta
283 2873 352 2913 arca
374 2875 464 2932 quum
486 2875 592 2914 urnam
614 2855 723 2928 rideat,
747 2861 781 2913 ut
802 2855 908 2913 titulus
926 2855 1067 2927 declarat,
1091 2855 1200 2912 mortui

78 2972 138 3012 ossa
161 2957 373 3028 continentem,
407 2957 528 3017 illusum
557 2977 588 3016 se
617 2959 741 3016 credens
763 2963 794 3016 et
816 2977 898 3036 spem
922 2959 1098 3016 frustratam
1122 2973 1209 3029 aegre-

76 3054 169 3115 ferens
192 3079 300 3117 urnam
327 3059 419 3118 refert
448 3065 478 3119 et
499 3079 552 3137 per
574 3061 733 3119 fenestram
755 3061 786 3118 in
810 3060 931 3132 Queroli
954 3060 1072 3118 domum
1095 3059 1199 3116 inlicit.

78 3157 179 3218 Fracta
197 3162 260 3219 olla
276 3163 378 3240 ingena
400 3167 465 3222 auri
488 3167 534 3222 ris
557 3162 729 3234 effunditur,
754 3161 968 3239 Querolusqne,
993 3160 1073 3238 quod
1096 3179 1201 3219 aarum

77 3261 134 3335 ipse
164 3269 392 3341 exportaverat,
422 3267 539 3344 recipit.

155 3365 275 3425 Fabula
301 3367 415 3428 Rutilio
450 3369 565 3428 cuidam
594 3369 785 3441 inscribitur,
821 3387 909 3444 quem
939 3365 1087 3424 Rutilium
1115 3365 1198 3422 illum

76 3465 284 3528 Namatianum
318 3489 381 3530 ease
410 3476 569 3548 putarunt,
610 3471 660 3548 qui
693 3467 868 3545 „Reditum“
900 3488 984 3528 suum
1012 3469 1042 3526 in
1070 3465 1200 3526 Galliam

77 3587 100 3624 a.
129 3571 189 3628 416
219 3591 249 3648 p.
278 3571 346 3633 Chr.
375 3595 404 3632 n.
435 3575 576 3651 elegiacis
604 3575 739 3633 versibus
768 3573 987 3650 elegantissime
1018 3572 1201 3648 composuit;

78 3670 125 3728 sed
158 3674 261 3732 fabula
295 3677 448 3752 aliquanto
482 3678 637 3754 antiquior
670 3695 733 3736 esse
766 3676 902 3748 videtur,
937 3676 961 3734 si
990 3673 1111 3752 quidem
1140 3675 1200 3730 iam

78 3771 192 3834 Seruius
219 3777 257 3834 cd
283 3777 352 3838 AEn.
376 3779 435 3851 ΙΙΙ,
468 3781 527 3838 226
559 3799 622 3837 eam
647 3779 760 3838 laudat.
816 3778 991 3854 Conscripta
1021 3781 1067 3834 est
1102 3782 1199 3833 autern

78 3893 132 3934 uon
158 3885 194 3936 ut
222 3881 252 3937 in
281 3899 367 3938 scena
394 3881 513 3958 publice
541 3887 694 3956 ageretur,
726 3881 778 3940 sed
806 3887 840 3938 ut
862 3881 997 3938 convivia
1019 3879 1201 3951 oblectaret,

78 3995 141 4037 nam
174 3983 204 4039 in
234 3983 377 4059 proremio
400 3991 505 4042 auctor
539 3981 634 4057 „Nos“
666 3985 765 4061 inquit
802 3983 937 4056 „fabellis
967 3988 1057 4058 atque
1090 3982 1199 4039 mensis

78 4077 152 4139 hunc
180 4083 314 4142 libellum
342 4083 546 4164 scripsimus“.
603 4087 688 4159 Quod
717 4092 815 4144 autem
846 4085 883 4143 ad
906 4085 1030 4143 formam
1054 4086 1200 4142 orationis

79 4185 194 4260 attinet,
233 4185 393 4260 „Prodire“
430 4191 527 4266 inquit
565 4191 612 4262 „in
646 4189 792 4264 agendum
827 4209 887 4248 non
922 4187 1097 4246 auderemus
1134 4207 1200 4244 curn

81 4283 158 4345 clodo
193 4288 283 4366 pede,
323 4293 379 4350 nisi
414 4309 536 4366 magnos
568 4293 786 4368 praeclarosque
825 4294 856 4350 in
889 4291 944 4349 bac
975 4295 1062 4366 parte
1097 4308 1199 4364 seque-

80 4405 172 4486 rcmur
194 4391 314 4465 duces“,
345 4393 453 4470 quibus
476 4393 575 4452 verbis
603 4393 765 4469 significari
788 4393 930 4453 uidentur
952 4411 1054 4451 versus
1078 4397 1200 4450 eatenus
