2960 5012
545 521 697 576 Aulularia.

397 794 565 861 EUCLIO.
610 796 840 864 STAPHYLA.

547 968 691 1035 Euclio

75 1075 153 1140 Nunc
176 1075 346 1142 defaecato
371 1077 500 1144 demum
523 1081 630 1144 animo
654 1077 805 1162 egredior
828 1077 932 1156 domo,

75 1183 237 1267 Postquam
259 1187 411 1270 perspexi
435 1187 527 1252 salua
549 1201 618 1252 esse
641 1187 729 1251 intus
752 1187 869 1250 omnia.

75 1291 143 1356 Pedi
164 1315 251 1358 nunc
274 1295 339 1358 iam
361 1295 448 1359 intro
471 1303 570 1378 atque
593 1295 682 1360 intus
706 1315 811 1360 serua.
920 1319 925 1328 ·

297 1385 304 1410 .

518 1430 718 1516 Staphyla

733 1611 735 1616 .
868 1538 1031 1624 Quippini.

74 1645 132 1727 Ego
153 1647 240 1712 intus
264 1648 413 1713 seruam?
456 1648 516 1727 An,
538 1670 579 1714 ne
602 1649 676 1732 quis
700 1647 792 1712 aedis
815 1647 967 1714 auferat?

74 1751 148 1818 Nam
168 1753 220 1818 hio
244 1754 333 1839 apud
355 1777 413 1820 nos
435 1755 517 1822 nihil
540 1761 591 1822 est
612 1757 702 1822 aliud
724 1757 855 1840 quaesti
877 1755 1020 1836 furibua3

73 1859 118 1925 Ita
137 1861 254 1927 inaniis
278 1869 353 1928 sunt
375 1865 527 1948 oppletae
550 1871 649 1946 atque
672 1863 809 1929 araneis.

550 1995 696 2062 Euclio

74 2096 188 2180 Mirum,
211 2103 291 2185 quin
314 2109 373 2168 tua
393 2125 444 2168 me
469 2125 568 2170 causa
589 2103 691 2170 faciat
713 2103 861 2188 luppiter

73 2204 247 2292 Philippum
268 2231 388 2294 regem·
401 2219 459 2278 aut
480 2213 627 2290 Darium,
648 2209 848 2278 triueneiica.

73 2311 206 2382 Araneas
228 2317 309 2382 mihi
332 2341 391 2402 ego
413 2319 487 2386 illas
510 2320 636 2386 seruari
657 2318 743 2386 uolo.

73 2418 190 2506 Pauper
212 2447 295 2505 sum,
317 2427 433 2492 fateor.
477 2429 606 2509 Patior;
635 2427 724 2512 quod
747 2427 781 2492 di
804 2427 892 2506 dant,
915 2425 995 2492 fero.

74 2527 129 2594 ribi
149 2533 243 2614 intro,
268 2535 403 2601 occlude
426 2537 565 2604 ianuam.
610 2537 680 2602 Iam
703 2557 762 2620 ego
785 2535 838 2600 hic
861 2557 927 2600 ero.

75 2635 153 2705 Caua
175 2663 372 2728 quemquam
394 2643 536 2711 alienum
559 2646 592 2710 in
615 2644 705 2710 aedis
727 2645 953 2710 intromiseris.
997 2707 999 2712 ,
1147 2659 1182 2712 90

74 2745 158 2822 Quod
179 2752 341 2836 quispiam
362 2753 470 2834 ignem
493 2759 641 2837 quaerat,
665 2753 812 2836 extingui
834 2753 921 2832 uolo,

74 2851 116 2918 Ne
136 2878 251 2924 causae
274 2859 354 2944 quid
376 2862 428 2940 sit,
451 2861 541 2944 quod
562 2868 595 2926 te
619 2861 793 2945 quisquam
816 2861 997 2945 quaeritet;

76 2960 150 3028 Nam
170 2967 197 3031 ai
218 2968 303 3050 ignis
325 2969 425 3049 uiuet,
447 2976 485 3034 tu
507 2971 696 3051 extinguere
719 2969 916 3052 extempulo.

74 3069 148 3137 Tum
170 3095 288 3158 aquam
309 3073 474 3158 aufugisse
498 3077 608 3157 dicito,
633 3079 661 3142 ai
684 3079 757 3161 quis
780 3083 880 3161 petet.

75 3177 221 3262 Cultrum,
245 3185 393 3262 securim,
418 3185 585 3268 pistillum,
608 3185 810 3262 mortarium,

75 3285 156 3361 Quae
176 3291 299 3356 utenda
322 3312 403 3356 uasa
426 3313 554 3376 sempor
576 3293 676 3358 uicini
697 3299 824 3374 rogant,

73 3393 166 3464 Fures
188 3401 318 3466 uenisse
342 3405 441 3484 atque
465 3399 640 3466 abstulisse
664 3401 774 3466 dicito.

73 3500 212 3572 Profecto
234 3509 269 3572 in
291 3507 382 3572 aedis
406 3529 495 3574 meas
518 3529 569 3573 me
593 3509 728 3574 absente
751 3509 913 3574 neminem

74 3609 150 3678 Uolo
171 3605 362 3696 intromitti3
386 3622 484 3700 atquc
508 3617 608 3682 etiam
624 3615 691 3706 ,hoc
713 3611 868 3700 praedico
891 3617 967 3680 tibi:

75 3715 104 3782 Si
124 3721 212 3789 Bona
234 3723 381 3788 Fortuna
403 3726 522 3804 ueniat,
543 3745 584 3789 ne
606 3713 830 3789 intromiseris.
1134 3741 1185 3794 100

525 3865 728 3951 Staphyla

72 3966 127 4034 Pol
148 3975 289 4058 seipsa,
313 3973 419 4054 credo,
442 3995 483 4038 ne
505 3975 755 4055 intromittatur,
778 3980 887 4054 cauet3

71 4075 149 4144 Nam
170 4081 211 4146 ad
231 4083 324 4148 aedis
348 4088 479 4147 nostras
497 4103 658 4167 nusquam
682 4081 763 4164 adit,
787 4103 986 4166 quamquam
1004 4103 1106 4165 prope
1125 4085 1183 4145 est.

71 4237 279 4253 ⁸*---——--—

74 4394 119 4447 m
135 4313 168 4365 84
182 4313 275 4368 inanis
344 4315 378 4367 85
396 4317 445 4368 tua
461 4329 537 4368 nunc
554 4331 599 4367 ma
661 4283 700 4370 Ι93
719 4313 859 4384 externplo
928 4315 962 4367 95
979 4311 1123 4382 pistellum

135 4396 201 4453 adiit
