2960 5012
87 502 121 571 11,
129 505 150 570 3,
159 504 239 558 5-19
552 501 713 556 Bacchides.

521 689 741 776 Chrysalus

84 800 229 865 Extexam
251 821 311 883 ego
333 799 427 864 illum
450 798 562 884 pulcre
584 801 658 880 iem,
681 800 710 864 si
732 799 766 864 di
788 799 914 866 uolunt.

83 907 167 974 Haud
189 907 475 988 dormitandumst;
500 929 580 991 opus
604 913 654 973 est
675 905 793 992 chryso
817 906 983 992 Chrysalo,

83 1017 177 1082 Adibo
198 1017 294 1097 hunc,
317 1038 414 1099 quem
436 1017 568 1099 quidem
590 1037 650 1100 ego
673 1016 771 1082 hodie
792 1017 912 1082 faciam
935 1015 989 1082 hio
1011 1017 1148 1082 arietem

82 1125 193 1206 Phrixi3
215 1119 264 1191 itd
288 1124 471 1190 detondebo
494 1144 575 1189 euro
598 1145 703 1207 usque
725 1125 769 1190 ad
790 1126 903 1190 uiuam
926 1131 1043 1192 cutem.

84 1232 192 1299 Seruos
216 1233 341 1298 salutat
362 1232 559 1298 Nicobulum
583 1231 769 1316 Chrysalus.
1143 1251 1194 1304 240

522 1385 552 1449 N
559 1387 569 1450 i
577 1407 595 1450 c
603 1385 747 1451 obulus

83 1493 140 1559 Pro
162 1493 194 1559 di
215 1493 418 1572 inmortales,
442 1493 608 1578 Chryside,
631 1494 690 1559 ubi
712 1493 824 1559 mihist
845 1493 957 1560 filius?

522 1633 745 1720 Chrysalus

84 1741 159 1819 Quin
180 1749 216 1808 tu
236 1745 379 1827 primum
402 1744 541 1810 salutem
562 1744 683 1826 reddis,
708 1767 806 1829 quam
829 1745 925 1812 dedi?

518 1886 591 1951 Nic
600 1887 743 1953 obulus

83 1991 180 2058 Saluo.
225 1993 290 2059 Sed
312 1992 480 2060 ubinamst
502 1995 743 2060 Mnesilochus?

524 2136 749 2222 Chrysalus

796 2245 893 2326 Uiuit,
916 2246 1016 2312 ualet.

520 2348 749 2420 Nicobulus

82 2456 234 2524 Uenitne?

523 2566 750 2655 Chrysalus

276 2673 384 2740 Uenit.

524 2783 752 2852 Nicobulus

430 2891 532 2970 Euan,
557 2893 749 2978 adspersisti
771 2915 900 2977 aquam.

84 2979 205 3064 Benene
226 3020 330 3081 usque
352 3000 479 3065 ualuit?

528 3107 750 3193 Chrysalus

510 3215 702 3282 Pancratice
725 3223 824 3300 atquc
848 3215 1012 3282 athletice.
1149 3232 1200 3286 245

528 3357 755 3424 Nicobulus
791 3399 794 3407 ·

86 3459 163 3537 Quid
184 3464 254 3546 hoc,
278 3485 345 3548 qua
368 3485 468 3531 causa
491 3487 566 3530 eum
588 3467 622 3532 in
645 3467 809 3551 Ephesum
831 3470 1007 3534 miseram?

84 3574 253 3658 Accepitne
277 3593 393 3638 aurum
417 3573 458 3638 ab
481 3571 610 3657 hospite
634 3575 885 3665 Archidemide?

531 3713 753 3801 Chrysalus
775 3765 777 3769 -

83 3821 161 3903 Heu,
184 3845 239 3890 cor
260 3824 306 3888 mi
329 3829 363 3888 et
385 3823 565 3904 cerebrum,
590 3824 758 3908 Nicobule,
781 3826 926 3906 finditur,

83 3927 176 3997 Istius
198 3933 339 3997 hominis
361 3931 419 3996 nbi
441 3930 479 3996 fit
502 3953 630 4016 quaque
653 3937 783 3999 mentio.

82 4035 165 4102 Tune
185 4039 349 4126 hospitem
371 4037 463 4104 illum
485 4042 635 4106 nominas
659 4041 788 4107 hostem
810 4043 926 4108 tunm?
1149 4057 1201 4110 250

93 4207 309 4224 ··“”·-·----.

149 4295 196 4349 239
213 4295 391 4365 phi-initaque
408 4295 533 4351 tondebo
609 4297 659 4350 243
677 4296 859 4353 mnesilcchia
880 4295 902 4352 0
976 4297 1026 4350 247
1044 4294 1162 4364 hospide
1182 4292 1205 4348 Ο

83 4377 131 4432 248
148 4377 191 4433 Eu
257 4383 309 4436 250
327 4380 389 4436 Tun
