2922 5006
106 518 259 587 titt-41
590 517 727 574 Curculio.

546 706 764 772 Palinurus

627 815 697 898 Ego
720 816 799 880 item
824 815 908 882 uolo.

102 923 150 988 Ita
168 930 259 990 tunm
274 922 429 990 'conferto
452 945 563 990 amare
586 945 722 1010 semper,
745 927 772 992 si
796 925 895 1010 sapis,

101 1032 146 1098 Ne
166 1031 198 1097 id
221 1031 309 1116 quod
331 1053 430 1112 ames,
454 1032 598 1117 populus
622 1035 650 1098 si
673 1035 766 1114 sciat,
790 1033 852 1100 tibi
876 1035 918 1100 sit
940 1034 1071 1120 probro.

102 1139 189 1217 Quod
211 1161 304 1206 amas
327 1146 434 1206 amato
456 1141 596 1207 testibus
619 1142 861 1226 praesentibus.
1183 1163 1218 1216 ao

101 1249 227 1332 Semper
250 1254 375 1330 curato,
397 1269 439 1314 ne
462 1249 506 1314 sis
530 1249 738 1315 intestabilis.

520 1380 796 1448 Phaedromus

100 1489 180 1567 Quid
201 1489 287 1554 istuc
310 1495 359 1555 est
380 1488 493 1555 verbi?

542 1597 764 1664 Palinurus

525 1703 627 1770 Caute
652 1713 687 1770 ut
709 1705 841 1772 incedas
864 1709 928 1772 uia.

518 1836 793 1902 Phaedromus

99 1939 179 2019 Quin
201 1941 278 2006 leno
301 1941 353 2010 hic
376 1943 517 2010 habitat.

546 2051 765 2118 Palinurus

556 2161 659 2227 Nemo
682 2161 757 2227 hinc
780 2161 932 2246 prohibet
954 2183 1014 2228 nec
1036 2170 1140 2244 notat,

96 2264 175 2344 Quin
199 2268 288 2351 qnod
310 2267 453 2353 palamst
474 2270 599 2349 uenale,
625 2271 652 2334 si
676 2277 889 2352 argentumst‚
911 2291 1010 2337 emas.

93 2373 191 2442 Nemo
215 2377 265 2441 ire
288 2397 485 2460 quemquam
508 2377 639 2461 publiea
662 2379 815 2462 prohibet
837 2381 901 2460 uia,
1184 2397 1217 2450 35

94 2482 177 2550 Dum
197 2505 241 2550 ne
263 2507 323 2569 per
344 2485 482 2551 fundum
506 2494 657 2569 saeptum
679 2485 781 2552 faeiat
804 2490 963 2554 semitam.

92 2591 172 2656 Dum
194 2594 255 2658 ted
276 2593 444 2660 abstineas
467 2601 581 2678 nupta,
605 2593 716 2672 uidua,
739 2597 878 2680 uirgine,

93 2699 269 2766 iuuentute
292 2709 325 2768 et
348 2705 458 2787 pueris
481 2703 603 2782 liberis,
626 2724 700 2767 ama
724 2704 801 2786 quid
824 2705 925 2770 iubet.

515 2833 740 2898 Phaedrom
750 2857 794 2900 us
809 2845 812 2852 '

93 2939 233 3006 Lenonis
256 2939 320 3006 has
344 2949 420 3008 sunt
442 2942 551 3008 aedes.

541 3049 762 3116 Palinurus

604 3157 689 3224 Male
712 3159 785 3223 istis
809 3167 937 3224 euenat.

513 3287 789 3356 Phaedromus

92 3392 174 3471 Qui?

542 3503 763 3572 Palinurus

220 3611 304 3690 Quia
327 3611 500 3680 scelestam
524 3614 718 3680 seruitutem
741 3615 900 3680 seruiunt.

517 3737 795 3806 Phaedromus

92 3843 289 3928 Obloqnere.

545 3953 765 4022 Palinurus

340 4059 414 4126 Fiat
436 4083 594 4128 maxuma.

158 4319 191 4373 ³0
203 4319 387 4388 postpmutur
399 4319 538 4386 proetme.
595 4336 658 4372 ama
718 4321 751 4373 33
769 4318 859 4374 Nemo
877 4319 923 4374 hie
941 4317 1054 4389 proibet
1071 4333 1123 4372 nec
1141 4323 1221 4372 natat

92 4405 124 4456 36
141 4401 227 4459 fanias
299 4405 333 4458 37
350 4407 380 4458 ts
450 4406 484 4459 39
502 4405 613 4460 eueniat
