2928 5010
257 537 298 596 88
769 527 861 582 Plauti
1183 528 1233 597 111,
1243 530 1270 596 3,
1279 530 1371 583 uo-tl

257 721 300 787 At
321 741 418 800 nuno,
441 717 533 803 prins
556 737 655 800 quam
678 719 866 802 septuennis
890 723 950 796 est,
968 717 996 783 si
1013 717 1166 802 adtingas
1183 739 1258 783 eum
1274 739 1369 794 manu,

258 827 433 912 Extemplo
455 847 539 910 puer
560 826 752 910 paedagogo
775 825 893 892 tabula
915 827 1090 910 disrumpit
1112 833 1223 912 caput.

258 939 365 1018 Quom
386 941 515 1020 patrem
538 934 638 1001 adeas
661 934 874 1019 postulatum,
897 955 999 1019 puero
1022 936 1069 1000 sic
1092 935 1172 1000 dicit
1194 941 1300 1019 pater:

260 1047 400 1128 „Noster
422 1048 503 1124 esto,
527 1041 605 1108 dum
626 1048 660 1108 te
683 1045 810 1128 poteris
833 1041 1006 1109 defensare
1028 1044 1178 1108 iniuria“.
1327 1061 1373 1110 440

256 1156 462 1222 Procoeatur
485 1151 711 1250 paedagogus:
743 1150 833 1230 „Eho
855 1171 955 1218 senex
977 1153 1111 1218 minumi
1134 1152 1231 1236 preti,

255 1265 306 1330 Ne
328 1262 458 1345 adtigas
481 1281 620 1344 puerum
642 1261 727 1326 istac
749 1281 861 1342 causa,
881 1261 1016 1346 quando
1038 1259 1118 1326 lecit
1139 1266 1281 1325 strenue.

257 1372 307 1439 Sit
329 1370 489 1454 magister
512 1369 611 1454 quasi
632 1369 769 1434 lucerna
790 1376 888 1435 uncto
913 1369 933 1452 †
956 1376 1111 1454 expretus
1132 1369 1265 1434 linteo.“

256 1481 328 1546 Itur
349 1479 440 1544 illine
461 1477 534 1542 iure
559 1477 658 1544 dioto.
703 1477 829 1542 Hocine
852 1477 906 1542 hie
928 1484 1026 1562 pacto
1050 1485 1160 1563 potest

258 1586 410 1654 inhibere
432 1585 593 1670 inperium
617 1586 784 1668 magister,
808 1587 837 1652 si
858 1586 952 1670 ipsus
974 1587 1097 1672 primus
1119 1585 1277 1670 uapulet?
1330 1601 1377 1653 445

682 1717 961 1782 Mnesilochus

257 1829 352 1894 Acris
373 1825 555 1911 postulatio
578 1825 660 1891 haec
683 1831 743 1890 est.
788 1825 893 1904 Quom
915 1825 1012 1892 huius
1037 1825 1125 1890 diota
1147 1825 1310 1907 intellego,

258 1937 343 2002 Mira
365 1941 450 2015 sunt,
472 1931 507 2000 ni
529 1932 730 2000 Pistoclerus
752 1933 879 2019 Lydum
901 1933 1020 2018 pugnis
1044 1933 1203 2000 contudit.

695 2063 946 2131 Philoxenus

258 2175 322 2243 Sed
345 2175 417 2258 quis
440 2173 494 2238 hio
517 2180 576 2254 est,
599 2195 698 2258 quem
721 2173 908 2239 adstantem
929 2172 1029 2238 uideo
1052 2178 1129 2236 ante
1152 2172 1293 2238 ostium?

755 2315 888 2400 Lydus

1150 2421 1176 2487 Ο
1200 2421 1379 2499 Philoxene,

258 2533 343 2597 Deos
366 2532 525 2616 propitios
548 2553 599 2598 me
622 2531 735 2597 uidere
758 2553 858 2614 quam
880 2531 971 2596 illum
993 2531 1079 2596 lsood
1100 2531 1273 2597 mauellem
1294 2529 1376 2596 mihi.
1447 2573 1448 2580 κ

696 2673 945 2740 Philoxenus

259 2781 339 2859 Quis
361 2782 429 2848 illic
452 2783 524 2848 est?

755 2891 889 2976 Lydus
1446 2867 1447 2900 ¹

559 2999 778 3066 Mnesilochus
801 2999 892 3081 gnati
915 2999 964 3062 tui
988 2998 1110 3065 sodalis
1331 3015 1380 3068 450

257 3107 355 3173 Haud
374 3106 536 3173 consimili
556 3107 687 3191 ingenio
705 3113 805 3189 atque
824 3105 920 3186 illest,
943 3107 998 3190 qui
1015 3108 1050 3171 in
1066 3106 1218 3189 lupanari
1230 3107 1378 3174 adcubat.

260 3217 477 3282 Fortunatum
493 3215 706 3296 Nicobulum,
729 3215 785 3298 qui
808 3213 900 3278 illum
923 3214 1078 3298 produxit
1101 3213 1177 3280 sibi!

696 3356 945 3422 Philoxenus

260 3465 378 3531 Saluos
402 3466 457 3545 sis,
480 3463 700 3545 Mnesilocho;
722 3464 849 3530 saluom
872 3470 905 3528 te
928 3464 1085 3530 aduenire
1108 3464 1245 3548 gaudeo.

1444 3565 1445 3598 l

678 3607 962 3672 Mnesilochus

259 3715 301 3780 Di
324 3721 357 3780 te
380 3719 499 3793 ament,
522 3713 709 3780 Philoxene.

752 3857 778 3921 L
795 3857 885 3924 'dus

710 3881 881 4032 Hicienim
905 3967 966 4032 rite
989 3965 1184 4048 productust
1206 3966 1303 4049 patri.
1443 3861 1444 3949 i

257 4073 295 4138 In
317 4095 407 4138 mare
429 4075 465 4156 it,
487 4094 557 4138 rem
579 4072 772 4140 familiarem
798 4083 901 4154 curat,
925 4073 1068 4138 custodit
1090 4073 1239 4152 domum;
1330 4085 1376 4142 455

326 4329 377 4380 438
396 4325 583 4395 disrumpite
652 4329 703 4380 442
721 4327 850 4399 adtingas
920 4331 971 4384 443
990 4329 1069 4397 IdB,
1087 4327 1157 4384 uto
1232 4331 1283 4382 449
1300 4323 1374 4382 MNE
1441 4371 1442 4384 ,

254 4411 375 4480 praepa
391 4411 419 4464 n
491 4411 565 4464 haud
584 4427 634 4466 om.
704 4417 755 4468 ico
773 4415 877 4468 sonans
894 4413 1037 4483 pistoelen·
1107 4415 1158 4468 rea
1175 4413 1210 4468 ut
1227 4413 1263 4481 n,
1282 4411 1353 4468 uto
