2932 5010
244 505 305 568 334
726 501 878 556 Aululariu
934 525 940 534 ·
1000 503 1002 508 “

241 715 344 754 versus
369 697 514 756 520—22
537 699 631 774 spurii
652 696 806 770 videntur,
837 717 870 756 ao
899 699 998 756 neeoio
1029 717 1066 756 au
1092 699 1155 756 haeo
1184 700 1251 774 ipsa
1278 709 1371 756 eausa

242 807 295 877 sib,
321 823 372 862 our
393 805 599 862 vv.520-21
620 803 652 860 iu
671 800 805 861 reddin
826 807 887 859 ires
910 801 998 860 divisi
1021 805 1091 874 sint,
1115 802 1195 879 quod
1219 800 1256 858 ab
1278 802 1368 860 initio

241 908 272 966 in
294 911 428 981 margine
451 907 624 983 angustiore
645 905 711 964 loeo
734 905 840 982 scripti
861 904 991 963 fuerunt.
1014 933 1057 944 -
1087 905 1156 964 524.
1180 899 1284 972 Haec,
1307 902 1369 961 vid.

241 1009 279 1068 ad
303 1011 374 1068 378.
390 1037 432 1048 -
458 1007 527 1068 526.
552 1001 640 1066 Nam
656 1021 734 1083 queue
750 1007 821 1064 olim
841 1005 1038 1066 emendadum.
1060 1035 1098 1047 -
1124 1009 1195 1066 52⁷.
1219 1006 1369 1076 mactant,

242 1111 302 1170 vid.
326 1109 364 1168 ed
385 1106 493 1187 Amph.
520 1110 610 1169 1027.

328 1215 399 1272 528.
434 1212 540 1284 Senes,
572 1213 623 1288 qui
645 1211 798 1286 hueusque
828 1213 958 1288 separati
986 1229 1041 1288 pro
1070 1214 1252 1288 requieque
1274 1211 1370 1269 loculi

241 1321 327 1389 suut,
361 1317 420 1372 iam
448 1314 627 1390 colloquium
655 1315 825 1373 instituunt.
880 1311 916 1372 In
945 1313 1031 1373 codd.
1052 1315 1142 1390 quasi
1164 1333 1250 1373 uorae
1273 1333 1370 1372 soene}

242 1417 344 1476 eadem
372 1419 493 1475 nomina
515 1435 607 1494 supra
628 1421 743 1493 scripta
770 1421 847 1488 sunl,
877 1435 943 1494 ques
966 1421 1035 1474 aule
1056 1435 1085 1474 r.
1110 1418 1188 1486 467,
1224 1435 1291 1493 quse
1315 1433 1369 1473 our

241 1521 435 1591 omiserimus,
459 1521 489 1576 in
512 1523 654 1596 promptu
676 1523 730 1578 sel.
750 1549 793 1560 -
817 1519 887 1578 529.
911 1515 963 1578 edi
985 1538 1021 1575 ex
1044 1517 1141 1576 Nonio
1165 1517 1369 1589 emendatum,

242 1626 294 1698 qui
316 1641 344 1700 p.
359 1623 420 1679 454
444 1639 507 1680 ev.
530 1619 710 1692 ,‚deuorare“
737 1627 768 1680 el
789 1621 872 1680 Asin.
893 1623 953 1680 642
977 1625 1007 1678 eb
1028 1619 1106 1678 huno
1128 1639 1246 1678 versum
1271 1619 1369 1677 effert.

241 1725 284 1784 of.
314 1726 404 1782 eliam
427 1723 501 1782 (list.
527 1725 603 1782 549:
641 1723 731 1796 „mihi
760 1723 842 1783 uibus
871 1729 924 1795 eei,
956 1721 1035 1799 quod
1063 1720 1229 1780 fabulars“.
1275 1721 1368 1780 Most.

243 1829 340 1888 1046:
368 1831 504 1902 „guelme
528 1845 582 1902 ego
605 1827 667 1884 eius
690 1845 855 1884 sermonem
877 1823 978 1884 uolo“.
1013 1824 1076 1882 Iam
1099 1824 1255 1901 Aristoph.
1277 1823 1368 1900 Vesp.

242 1933 320 1988 462:
354 1933 431 2004 εἴπερ
461 1928 556 2000 ἔτυχον
587 1929 639 1985 τῶν
663 1929 753 2006 μελῶν
779 1928 832 1986 τῶν
855 1929 1013 1992 Φιλοκλέους
1034 1927 1202 2002 βεβρωκότες.
1249 1925 1369 2002 Frugm.

242 2035 318 2092 205:
342 2035 480 2092 Σθενέλου
502 2029 614 2107 φάγοιμ’
639 2033 671 2088 ἂν
694 2031 806 2108 ῥήματα.
846 2029 919 2088 Hor.
943 2027 997 2088 Od.
1020 2027 1058 2101 Π,
1086 2031 1133 2102 13,
1164 2031 1203 2087 32
1228 2035 1260 2086 eb
1281 2027 1369 2088 ovid.

240 2135 336 2194 Triel.
359 2134 412 2206 ΠΙ,
438 2137 465 2206 5,
492 2135 529 2192 14
557 2133 696 2205 „auribus
717 2129 839 2191 bibers“
865 2133 1014 2190 dixerunt.
1042 2159 1085 2172 -
1116 2133 1187 2192 530.
1218 2125 1301 2202 Ain,
1331 2130 1369 2189 of.

243 2239 315 2296 290.
350 2235 508 2294 Correotor
526 2236 634 2295 oodiois
650 2235 676 2293 B
692 2234 826 2294 radendo
847 2230 930 2308 „An“
952 2233 1058 2307 effecit,
1082 2234 1162 2311 quod
1184 2235 1370 2310 antiquiores

241 2338 308 2396 edd.
332 2339 451 2397 invasit.
469 2367 513 2380 -
530 2337 604 2396 Post
626 2333 780 2397 audiuisli
800 2337 899 2396 histue
922 2339 954 2395 iu
977 2354 1095 2394 oaesura.
1140 2335 1262 2394 Miller.
1289 2335 1370 2407 „Iam

240 2437 355 2516 usquo“
380 2440 511 2500 volebat.
534 2469 577 2480 -
608 2441 678 2500 531.
712 2439 757 2499 De
779 2439 922 2517 prosodia
943 2440 1024 2497 roois
1047 2437 1150 2497 tamen
1171 2457 1199 2496 v.
1223 2438 1315 2497 Proll.
1338 2457 1369 2514 p.

242 2544 312 2601 202.
353 2541 478 2601 eBobh.
497 2542 553 2602 del.
599 2557 666 2602 meo
688 2543 719 2600 in
741 2561 829 2600 unam
852 2541 997 2616 syllabam
1020 2541 1218 2600 contrahitur.
1269 2540 1370 2599 Nimio

239 2643 373 2702 brevium
406 2644 587 2719 syllabarum
619 2663 742 2703 numero
775 2644 903 2702 offensus
935 2643 1029 2702 Koch.
1048 2646 1090 2724 *iu
1118 2644 1227 2702 Annel.
1263 2642 1368 2721 philol.

240 2744 329 2817 OVII,
358 2764 388 2822 p.
415 2747 473 2804 841
509 2747 648 2818 „animod
678 2743 825 2823 aliquem“
857 2765 947 2804 ausus
974 2751 1029 2804 eet.
1078 2745 1199 2806 Nullius
1227 2745 1369 2804 momenti

240 2853 293 2918 est,
317 2847 399 2923 quod
420 2847 469 2904 hic
492 2867 608 2922 versus,
642 2853 677 2908 ut
698 2869 766 2907 mox
791 2849 850 2908 540
873 2853 904 2906 el
933 2849 1004 2930 559,
1035 2849 1067 2906 in
1095 2847 1159 2906 cod.
1185 2847 1209 2905 B
1233 2850 1266 2905 in
1294 2847 1368 2904 duos

241 2949 395 3010 dividitur.
422 2980 465 2990 -
496 2951 566 3009 532.
599 2946 699 3026 filiae,
728 2951 788 3009 rid.
813 2951 851 3008 sd
874 2953 945 3010 287.
973 2979 1017 2990 —
1044 2945 1190 3023 nitidior,
1220 2948 1366 3020 mundior,

240 3053 358 3126 oulli'or,
382 3053 420 3112 of.
433 3051 540 3112 Pseud.
555 3055 635 3112 ⁷79:
662 3059 713 3125 „ut
730 3057 816 3112 oureb
834 3047 1057 3111 nibidiusoule“.
1076 3081 1120 3092 —
1137 3051 1209 3110 533.
1233 3051 1268 3110 In
1285 3051 1367 3108 exitu

239 3156 327 3214 huius
348 3174 452 3214 versus
476 3154 543 3214 edd.
567 3161 635 3213 anie
650 3155 778 3214 Franok.
802 3156 1031 3232 inber-pungunt,
1056 3173 1114 3231 quo
1137 3152 1186 3226 fia,
1211 3161 1246 3213 ut
1268 3159 1299 3211 eb
1318 3151 1367 3210 hio

239 3277 342 3316 versus
364 3259 485 3335 ellipsin
507 3257 617 3315 bsbesl
639 3259 759 3315 minime
781 3257 967 3334 probabilem
997 3261 1029 3314 el
1049 3259 1203 3332 proximus
1224 3256 1281 3314 hoo
1302 3256 1365 3331 qui-

239 3359 308 3418 dem
329 3360 395 3418 loco
412 3379 500 3418 seusu
518 3363 627 3418 eareat.
662 3358 865 3434 lungendum:
889 3357 1056 3435 Quiprore
1075 3403 1081 3417 .
1097 3403 1103 3416 .
1118 3403 1124 3417 .
1142 3357 1265 3415 habent.
1299 3356 1365 3414 Nou

240 3463 337 3535 magis
359 3461 564 3532 dubitandum,
588 3463 661 3537 quin
682 3465 714 3520 in
736 3457 873 3539 proximo
895 3479 985 3520 versu
1007 3465 1088 3520 reolo
1111 3459 1196 3519 codd.
1219 3459 1257 3532 D,
1279 3459 1303 3530 Ι,
1326 3458 1363 3517 el.

239 3561 432 3620 indicativum
462 3563 631 3640 praebeanl,
664 3560 885 3635 meminerunt&
919 3567 1010 3640 poeta
1037 3581 1088 3622 eos
1116 3557 1204 3635 fficio,
1241 3563 1292 3638 qui
1320 3561 1362 3618 ni·

239 3671 336 3722 torem
365 3669 396 3722 et
424 3664 613 3742 splendorem
643 3667 740 3725 cultus
771 3666 809 3724 ad
836 3667 881 3723 rei
903 3665 1061 3724 familiaris
1083 3665 1231 3722 rationem
1254 3682 1361 3722 socom·

238 3766 376 3839 modenb,
403 3767 567 3844 prudentes
590 3785 653 3826 esse
676 3787 795 3845 sueque
817 3767 998 3827 condicionis
1020 3783 1178 3838 memores,
1211 3767 1263 3842 qui
1284 3765 1360 3822 ultr·

238 3887 301 3927 rem
323 3869 448 3946 gloriari
470 3869 625 3942 studeant,
657 3889 705 3928 eos
734 3871 843 3929 stultos
867 3889 931 3928 esse
953 3869 1058 3945 suique
1080 3867 1206 3940 oblitos,
1230 3867 1267 3926 ol.
1290 3866 1356 3924 Hor.

239 3970 295 4048 Ep.
318 3971 341 4046 Ι,
367 3973 414 4043 18,
439 3973 494 4030 223
532 3970 654 4043 „Gloria
684 3993 771 4049 quem
800 3991 891 4049 supra
918 3971 997 4028 vires
1027 3975 1059 4030 et
1080 3971 1172 4028 veslit
1195 3975 1226 4028 et
1247 3964 1354 4042 uugib“.

238 4073 323 4132 Vidit
344 4072 423 4132 idem
439 4072 533 4131 Kooh.
551 4073 628 4131 Anu.
647 4073 720 4150 phil.
740 4073 828 4148 cun,
849 4076 919 4134 841.
942 4101 986 4114 -
1010 4074 1079 4131 535.
1103 4067 1272 4148 quoiquam
1292 4069 1355 4128 olim

239 4175 437 4248 emendatum,
462 4177 533 4234 item
558 4177 617 4235 536
639 4191 691 4236 res
708 4177 831 4236 slrucla
847 4176 904 4251 est,
927 4176 1157 4252 berongerus,
1181 4174 1351 4232 coacervet-u

238 4277 344 4336 Euclio
365 4277 562 4355 Megadorum
591 4277 711 4337 eredere
739 4283 823 4338 vetat
850 4284 902 4336 sub
924 4277 981 4336 sibi
1004 4281 1057 4335 aut
1079 4279 1218 4353 cuiquem
1239 4271 1352 4352 pauperi

238 4399 302 4437 rem
329 4380 505 4439 familiarem
535 4400 598 4440 sese
626 4381 706 4439 domi
734 4381 909 4457 ampliorem
938 4397 1028 4456 quam
1055 4376 1202 4436 videatur.
1225 4405 1267 4417 -
1287 4373 1348 4433 537.
