2956 5010
273 530 337 591 488
775 521 894 592 Captiui.

360 717 430 776 460.
455 715 607 776 Parasitus
629 721 790 795 postquam
813 719 925 778 frustra
946 718 1078 777 melioris
1097 737 1177 777 cene
1196 718 1378 777 condicionem

274 823 429 900 quaesivit,
454 817 490 878 de
507 823 615 879 misera
632 839 685 878 suc
703 819 822 880 iomunc
840 822 985 898 queritur.
1030 819 1200 880 Trochaicis
1217 821 1380 897 septenariis
1458 808 1459 874 l

272 926 379 996 utitur,
404 922 456 980 sod
473 926 505 982 in
523 921 623 981 cod.B
641 941 735 982 scenas
752 923 985 1001 superscriptum
1005 929 1050 980 est
1060 921 1123 995 DV,
1147 925 1167 983 i.
1181 943 1206 982 c.
1220 922 1379 994 diverbiunn

274 1033 327 1086 aut
349 1027 431 1098 falso,
455 1030 508 1084 cut
529 1024 593 1084 hac
622 1045 710 1084 scena
733 1031 838 1084 contro
860 1045 971 1084 morem
992 1025 1170 1103 simpliciter
1192 1027 1338 1096 recitatur,
1357 1045 1380 1084 v.

229 1209 231 1213 Ι
273 1129 409 1206 Prolegg.
429 1147 458 1204 p.
476 1129 552 1186 ·1'72.
586 1127 620 1185 In
642 1129 739 1204 primo
761 1147 850 1186 versu
873 1123 961 1203 1113113
983 1127 1039 1202 Fa,
1063 1129 1187 1188 fortasse
1209 1133 1299 1187 recte.
1321 1123 1380 1202 edil,

274 1234 398 1308 antiqno
408 1231 503 1288 forma
514 1249 568 1306 pro
585 1225 701 1302 „edat“‚
715 1229 751 1288 cf.
764 1229 832 1289 Aul.
846 1231 917 1289 462.
932 1227 1002 1290 664.
1026 1231 1106 1290 Men.
1120 1233 1170 1291 90.
1199 1229 1289 1289 Poeu.
1305 1233 1382 1290 1286.

273 1334 355 1393 Triu.
376 1334 445 1392 339.
469 1332 538 1390 102.
579 1331 683 1390 Bacch.
704 1333 775 1390 739.
810 1332 929 1392 Trucul.
950 1334 1019 1392 531.
1043 1361 1085 1374 --
1102 1347 1201 1410 aeyre,
1225 1333 1382 1404 difficulter,

273 1438 333 1510 vix,
352 1435 388 1493 ci.
408 1434 498 1492 Poen.
513 1435 588 1493 235:
615 1436 684 1508 „uix
701 1453 846 1511 aegroque
867 1435 1063 1493 amatorculos
1080 1431 1278 1494 invenimns“.
1311 1435 1382 1493 Asin.

278 1539 347 1596 118.
402 1535 501 1594 Etiam
533 1537 612 1614 apud
640 1535 758 1596 Terent.
786 1536 880 1594 Andr.
905 1537 965 1594 434
994 1540 1161 1596 necessario
1189 1536 1384 1598 scribendum:

279 1639 388 1712 „AEgre
411 1638 571 1716 quidquam
594 1659 671 1697 nunc
695 1635 846 1717 quidem“,
870 1657 929 1696 non
955 1635 1086 1716 „aque“.
1109 1669 1152 1681 -
1175 1641 1248 1698 462.
1271 1639 1384 1697 Versum

273 1743 337 1801 iuro
361 1743 503 1818 expunxit
525 1741 592 1814 Br.,
626 1761 680 1800 nec
709 1743 786 1800 onim
814 1743 910 1800 maius
934 1741 1049 1824 aliquid
1071 1741 1207 1816 additur,
1241 1743 1294 1800 sed
1315 1760 1386 1799 iners

275 1843 497 1903 circumlocutio
526 1850 572 1901 est
600 1845 761 1922 superioris
791 1863 903 1904 versus.
954 1843 1076 1902 Numeri
1106 1845 1193 1902 etiam
1217 1844 1386 1915 claudicant,

275 1965 367 2023 quare
390 1945 523 2004 Lindam.
552 1945 600 2018 „id
624 1943 722 2023 quod¹‘
749 1947 804 2020 ed,
828 1945 874 2006 Fl.
902 1941 1043 2022 „cupiit“.
1067 1975 1109 1986 -
1132 1947 1203 2006 463.
1228 1941 1313 2005 Nam
1335 1965 1386 2003 non

276 2049 313 2108 ad
337 2050 512 2107 seutentiam
536 2050 717 2125 propositam
740 2049 885 2121 refertur,
910 2049 960 2107 sed
984 2047 1022 2106 ad
1045 2069 1110 2106 eum
1134 2049 1224 2107 animi
1248 2047 1387 2119 affectum,

274 2152 353 2212 unde
375 2151 510 2229 profecta
538 2156 591 2210 est.
614 2179 657 2191 -
691 2147 753 2210 diei
779 2169 834 2228 pro
862 2149 961 2210 iambo
989 2157 1049 2223 est,
1084 2171 1117 2210 ac
1146 2149 1283 2227 plerique
1310 2145 1385 2221 „diff

276 2253 417 2326 scribunt,
440 2273 469 2312 a.
493 2251 630 2330 Prolegg.
654 2275 684 2331 p.
710 2253 780 2312 216.
804 2253 883 2311 inira
907 2253 977 2312 894.
1028 2253 1075 2311 nd
1097 2253 1222 2331 phrasin
1248 2255 1284 2312 cl.
1303 2250 1387 2311 Stich.
1460 2317 1461 2340 ἱ

278 2359 354 2415 196ε
381 2354 435 2429 ,Εἰ
454 2355 552 2412 hercle
569 2355 662 2416 uerbo
682 2355 796 2414 lumbos
814 2355 963 2414 defractos
981 2353 1102 2415 uelim“.
1115 2385 1158 2395 -
1170 2355 1243 2414 464.
1271 2354 1389 2427 „Omnes

274 2458 409 2517 homines
443 2457 576 2516 reddidit
604 2457 635 2516 in
664 2479 710 2516 me
740 2457 902 2517 illiberales
922 2463 961 2516 'et
989 2455 1151 2532 malignos“
1184 2457 1218 2516 L.
1248 2487 1290 2497 -
1324 2457 1389 2514 466.

275 2555 514 2620 ieiuniosiorem.
559 2559 609 2619 Br.
623 2565 774 2637 comparat
790 2559 881 2620 Poen.
898 2561 956 2620 130
977 2555 1164 2637 „inopiosas“
1184 2559 1222 2617 nl.
1241 2588 1285 2599 —
1299 2554 1390 2636 ecfer·

278 2665 341 2722 ium
363 2655 455 2736 fame,
480 2663 515 2720 cf.
539 2663 605 2721 Aul.
631 2662 684 2721 84:
722 2665 848 2736 „inaniis
872 2659 1038 2741 oppletae“.
1068 2689 1110 2702 -
1138 2663 1210 2720 466.
1244 2658 1298 2738 qui
1319 2660 1392 2718 abla-

275 2767 354 2823 tivus
377 2771 436 2837 eat,
460 2785 488 2823 v.
511 2764 619 2842 Amph.
644 2767 720 2838 257,
750 2769 770 2825 i.
795 2787 820 2826 e.
844 2787 903 2842 quo
927 2765 985 2824 die.
1030 2765 1088 2822 Pro
1110 2765 1295 2822 nominativo
1318 2763 1392 2839 cepit

274 2868 430 2940 librarius,
460 2868 563 2944 quiin
586 2874 718 2926 extremo
740 2887 828 2926 versu
851 2862 1000 2943 occeperit
1021 2867 1155 2944 scripsit,
1185 2885 1279 2943 pravo
1301 2883 1391 2934 sensu,

275 2973 429 3029 cocenim
454 2969 517 3028 dias
540 2970 700 3046 quidquam
723 2972 844 3048 incipit;
878 2989 970 3047 quaro
998 2967 1179 3027 confidenter
1205 2961 1391 3046 „occeperis“
1461 2961 1462 2970 ’

277 3067 440 3132 emendavi.
492 3071 664 3149 Superiores
693 3072 821 3132 aditores
849 3073 902 3132 illo
931 3073 1036 3130 relicto
1069 3066 1177 3148 „quoi“
1207 3073 1392 3148 scripserant,

276 3175 418 3253 Geppart.
441 3171 541 3250 „ubi“‚
562 3196 622 3252 qua
643 3195 675 3233 ro
697 3177 803 3234 vitiurn
826 3176 1001 3248 occultatur,
1025 3195 1084 3234 non
1107 3173 1236 3234 tollitur.
1261 3203 1303 3214 --
1325 3173 1393 3231 467.

276 3273 326 3338 lta
349 3279 418 3337 olim
443 3277 640 3336 amendatum.
667 3305 704 3318 -
730 3273 883 3337 esurialec
899 3271 998 3352 ferite,
1021 3279 1040 3337 i.
1061 3297 1085 3336 c.
1106 3278 1263 3335 esuritioni
1282 3277 1392 3334 dicata.

275 3381 364 3438 lorias
387 3383 501 3454 agimus
524 3381 586 3453 val,
616 3381 687 3456 quia
709 3379 854 3439 eiusmodi
878 3379 982 3438 dicbus
1004 3381 1125 3457 proprio
1149 3379 1224 3436 nihil
1252 3377 1395 3455 agendum

276 3481 466 3556 (feriandum)
486 3487 538 3554 est,
564 3483 740 3557 quiescimus
758 3503 780 3541 s.
799 3478 981 3553 reciderunt,
1005 3483 1041 3539 cf.
1055 3481 1113 3541 cic.
1127 3481 1250 3558 Leg.11‚
1270 3483 1320 3553 22,
1342 3483 1393 3538 55:

279 3585 446 3658 „denicalss
458 3585 548 3654 ierim
562 3603 626 3660 quae
641 3631 680 3643 ...
694 3583 863 3642 recidentur
874 3579 1028 3642 mortuia“.
1037 3611 1078 3624 ·-
1089 3584 1160 3642 468.
1174 3577 1275 3642 Ilicet.
1289 3583 1394 3642 Donat.

276 3687 313 3746 ad
337 3687 402 3745 Ter.
422 3685 540 3744 Phorm.
558 3685 581 3758 l,
605 3687 633 3758 4,
665 3689 700 3745 31
723 3684 828 3760 (208):
855 3685 921 3761 „Sic
938 3685 1050 3744 iudices
1068 3685 1105 3743 de
1124 3685 1247 3744 consilio
1266 3685 1395 3743 dimitte·

274 3789 386 3848 bantur
398 3789 546 3846 sententia
564 3788 651 3858 dicta,
672 3809 762 3865 quum
779 3809 876 3866 praeco
894 3791 1115 3865 pronuntiasset
1131 3788 1226 3860 Ilicet,
1246 3787 1327 3865 quod
1338 3788 1394 3861 sig·

275 3891 377 3951 nificat
389 3893 432 3948 ire
445 3887 545 3947 licet“.
579 3890 732 3948 Parasitus
751 3893 809 3949 arti
828 3913 887 3950 suae
901 3893 1035 3969 imperat,
1052 3897 1086 3949 ut
1104 3893 1135 3948 in
1154 3892 1263 3950 malam
1283 3907 1393 3948 crucem

276 3995 373 4052 abeat.
418 3991 595 4069 Praepositio
622 3989 688 4066 „in“
713 3993 851 4051 facillime
874 3993 1011 4052 excidere
1033 3995 1145 4068 potuit,
1169 3993 1220 4050 aed
1246 3993 1394 4051 omittitur

276 4097 365 4155 ctiam
386 4095 473 4167 alibi,
497 4115 524 4153 v.
537 4095 616 4154 Men.
632 4097 701 4154 324.
741 4095 830 4154 Poen.
844 4097 915 4154 499.
931 4097 1000 4154 802.
1017 4095 1106 4153 1313.
1141 4093 1207 4153 Ter.
1229 4095 1304 4154 Eun.
1318 4095 1392 4152 536:

280 4197 402 4270 „malam
424 4217 488 4255 nem
511 4197 579 4257 hinc
598 4195 685 4256 ibis“.
711 4229 754 4238 —
776 4199 847 4256 469.
878 4193 993 4272 inopes,
1018 4197 1117 4254 deleto
1141 4212 1208 4273 que,
1231 4205 1309 4255 recte
1332 4193 1391 4262 Fl.;

274 4295 424 4359 ridiculos
447 4305 545 4358 autem
568 4320 622 4378 pro
645 4300 833 4359 substantivo
857 4305 910 4358 est.
928 4327 971 4339 -
987 4302 1059 4360 470.
1083 4293 1226 4360 Lacones
1248 4301 1390 4378 parasitos
