2916 5006
287 479 349 540 416
768 467 929 524 Bacchides.

287 664 433 729 tuniost“.
464 694 504 706 -
533 667 603 726 594.
638 663 773 722 Minatur
803 683 833 722 se
863 683 894 722 os
925 666 988 724 eius
1016 666 1122 742 pugnis
1150 685 1352 744 percussurum
1371 673 1394 724 et

289 771 393 831 dentes
427 788 632 840 excussurum
672 768 774 842 itaqua
812 785 929 844 pugnos
968 762 1236 846 dentifrarsyibulo
1268 769 1393 846 appellat.

287 869 365 934 meis
394 865 554 944 morsibus,
589 872 608 928 i.
633 890 657 930 e.
687 887 819 928 mearum
849 889 996 928 manuum.
1050 867 1203 946 9001111111,
1238 891 1277 928 sc.
1307 871 1395 929 dentes

287 982 356 1034 tuos
384 975 535 1050 frangere,
571 971 607 1030 cf.
638 971 745 1049 Amph.
771 973 841 1032 319.
872 999 915 1012 -
945 974 1014 1032 595.
1049 968 1127 1033 mihi
1154 969 1304 1044 cautiost,
1337 974 1395 1032 mihi

189 1103 191 1107 ·
288 1078 597 1140 1010010111-
621 1075 690 1132 596.
724 1069 980 1150 01011100911010
1008 1075 1112 1134 dantes
1141 1075 1215 1134 dicit
1246 1076 1283 1134 ad
1310 1077 1396 1134 simili·

287 1181 422 1240 tudinem
445 1175 774 1254 dentifrangibulorum.
820 1172 970 1248 excussit,
995 1179 1173 1250 excusserit,
1202 1182 1236 1236 ut
1256 1177 1393 1251 „amissis⁵

288 1285 367 1342 inira
399 1281 490 1354 1189,
514 1281 551 1340 01.
578 1309 614 1318 -
642 1281 711 1338 598.
750 1273 832 1354 Quid
858 1274 908 1337 uis
932 1272 988 1338 tu?
1028 1278 1210 1338 Pistoclerus
1233 1281 1307 1339 nihil
1330 1279 1397 1338 alind

289 1385 386 1444 voluit
407 1403 497 1460 quam
523 1379 640 1456 „sudi“,
664 1402 691 1440 v.
711 1381 748 1440 ad
765 1381 872 1458 Amph.
892 1383 971 1453 414;
994 1383 1143 1458 parasitus
1166 1383 1301 1441 consulto
1326 1383 1397 1439 aliter

290 1487 407 1564 accipit,
431 1487 516 1562 quusi
539 1485 630 1542 verba
652 1504 705 1542 sua
726 1503 832 1561 parum
853 1483 991 1541 audisset.
1009 1513 1052 1522 —
1072 1485 1142 1543 599.
1168 1480 1397 1563 intepunaenrum

290 1584 441 1664 corporis,
471 1590 490 1646 1.
515 1607 539 1645 0.
563 1591 687 1660 scutum,
712 1585 785 1644 dicit
807 1605 862 1662 pro
886 1587 1001 1644 comite.
1046 1585 1136 1664 Apud
1158 1586 1308 1646 Romanos
1330 1588 1395 1644 latus

290 1691 415 1751 alicuius
438 1695 539 1764 tegare
564 1687 726 1760 dicebatur,
751 1689 801 1765 qui
824 1687 862 1746 ad
884 1688 988 1746 laevam
1012 1690 1083 1760 eius,
1107 1709 1166 1765 qua
1189 1695 1306 1748 scutum
1328 1709 1397 1766 gere

289 1794 363 1852 bant
384 1795 499 1864 armati,
522 1791 688 1864 incedebat,
712 1810 739 1849 v.
760 1789 856 1848 Horat
873 1789 933 1850 Sat.
954 1789 991 1849 11.
1017 1793 1044 1864 5,
1071 1793 1119 1849 18.
1165 1791 1287 1850 Sueten.
1307 1791 1397 1850 Claud.

291 1897 341 1956 24.
370 1924 412 1935 -
443 1896 513 1953 600.
549 1893 612 1954 tum
634 1891 876 1970 intepurrrentum
898 1887 1119 1968 improbasset,
1154 1913 1210 1951 em.
1236 1894 1323 1952 Both.
1364 1893 1399 1950 De

290 1998 394 2058 ordine
423 1995 581 2054 verborum
605 2016 633 2055 v.
658 1994 696 2054 ad
718 1994 825 2070 Amph.
850 1996 921 2054 721.
966 1994 1104 2054 Gertaius
1132 1995 1246 2054 voluit:
1286 1996 1348 2068 ,cui
1374 1999 1399 2050 tu

290 2102 538 2176 integumentum,
562 2097 705 2174 improbe,
730 2095 791 2171 es“,
815 2099 939 2174 propius
962 2117 979 2156 a
1001 2097 1098 2172 oodd.,
1129 2097 1183 2156 sed
1205 2099 1303 2156 minus
1326 2097 1400 2155 Plau·

289 2204 396 2261 tinum.
421 2229 463 2240 -
486 2193 814 2276 601.-Satfllutu3,‘ira
835 2198 964 2258 inflatus.
999 2200 1064 2258 Cas.
1084 2202 1159 2259 558:
1191 2199 1318 2272 ,Nescio
1340 2197 1400 2276 quid

291 2324 322 2362 se
345 2301 477 2362 sufflauit
498 2304 583 2360 uxori
607 2321 685 2360 suae.
711 2331 753 2341 -
774 2295 960 2378 Direptum,
984 2303 1019 2361 01.
1044 2301 1199 2362 (100303.
1246 2302 1400 2380 Responsio

290 2406 454 2483 aptissima,
478 2423 545 2462 nam
563 2423 622 2479 quo
639 2404 732 2479 11ος10
750 2401 870 2461 inflatus
882 2409 956 2478 erat,
981 2423 1015 2462 eo
1027 2403 1143 2463 facilius
1154 2392 1353 2482 rumperetur.
1370 2429 1399 2442 -

293 2509 364 2566 602.
386 2500 475 2564 Num
492 2525 547 2563 em.
560 2504 596 2577 D,
620 2506 678 2562 nisi
695 2505 772 2562 forte
790 2509 833 2564 ita
851 2508 941 2564 etiarn
960 2507 991 2564 in
1009 2505 1030 2564 C
1047 2507 1111 2580 fuit,
1135 2505 1187 2565 nbi
1209 2527 1264 2578 ,nc
1282 2527 1298 2565 e
1316 2501 1398 2564 corr?

290 2607 324 2667 V.
349 2607 387 2665 ad
408 2607 515 2684 Amph.
541 2608 610 2665 538.
634 2636 677 2646 -
700 2608 770 2666 603.
804 2601 861 2680 Ε1,
894 2628 921 2667 v.
946 2607 983 2667 ad
1005 2609 1073 2668 Aul.
1100 2611 1169 2668 169.
1196 2637 1233 2648 -
1263 2610 1324 2668 604
1345 2627 1400 2684 sqq.

289 2709 470 2768 Pistoclerus
489 2728 595 2780 secum,
618 2713 778 2786 postquam
798 2709 872 2768 abiit
890 2711 1047 2787 parasitus.
1064 2739 1100 2748 -
1113 2724 1198 2770 nunc
1209 2731 1314 2771 versus
1326 2728 1401 2769 cansa

290 2811 348 2870 dcl.
371 2811 458 2870 Both.
482 2811 517 2870 R.
541 2811 585 2870 Fl.
610 2841 651 2852 -
674 2807 798 2871 deuenit
820 2832 875 2871 001.
899 2811 1046 2871 Gertzius.
1101 2805 1105 2812 ’

376 3119 446 3177 610.
471 3117 647 3178 Mnesilochi
666 3121 813 3178 canticum
830 3119 867 3178 sd
887 3119 951 3178 cod.
964 3119 988 3177 B
1001 3117 1177 3193 exigendum
1189 3124 1244 3192 eat,
1266 3122 1317 3198 qui
1334 3118 1401 3176 solus

288 3241 390 3280 versus
414 3220 577 3300 descriptos
600 3221 704 3294 habet,
729 3221 807 3280 unda
830 3223 963 3298 quamvis
986 3220 1168 3280 Ritschelius
1191 3241 1224 3279 se
1247 3222 1401 3299 profectum

289 3343 353 3383 esse
372 3323 460 3397 dicat,
484 3328 586 3383 tamen
608 3326 640 3382 11
661 3324 762 3382 multis
784 3323 872 3383 rebus
895 3325 983 3398 longe
1006 3323 1150 3382 discessit.
1185 3323 1259 3396 Qua
1276 3323 1402 3402 quoniam

289 3445 348 3484 non
365 3426 453 3483 aliter
469 3425 570 3484 afferri
585 3431 719 3504 possunt,
744 3446 830 3504 quam
848 3431 882 3484 ut
904 3431 986 3485 totus
1008 3426 1090 3484 locus
1113 3425 1312 3500 describatur,
1334 3421 1402 3502 apud

289 3529 387 3606 ipsum
403 3528 551 3602 legantur.
586 3529 694 3604 Incipit
712 3533 811 3586 autem
830 3529 985 3601 cauticum,
1005 3534 1038 3586 ut
1054 3527 1182 3602 videtur,
1196 3528 1321 3587 atribns
1333 3531 1401 3586 octo·

290 3631 383 3688 uariis
400 3629 569 3703 trochaicis,
582 3649 762 3708 quamquam
780 3631 885 3689 tertius
903 3631 1061 3706 anapestis
1080 3629 1228 3702 abundat3
1253 3630 1306 3689 hos
1317 3627 1402 3706 sequi·

290 3737 340 3792 tur
362 3733 549 3808 septenarius
571 3731 748 3791 trochaicus.
794 3733 891 3790 Aliter
914 3731 1088 3791 describunt
1104 3731 1235 3810 Spengel
1251 3752 1283 3810 p.
1305 3734 1357 3792 159
1379 3733 1401 3786 01

290 3834 410 3894 Mulier.
433 3834 516 3894 Pros.
539 3853 569 3912 p.
595 3837 666 3894 352.
696 3861 737 3874 ·-
766 3833 968 3894 Mnesilochus
996 3834 1147 3894 levitatem
1175 3855 1261 3894 suam
1287 3839 1400 3898 accinat,

290 3936 372 4016 quod
394 3939 551 4016 repentina
572 3938 618 3995 ira
640 3939 803 4009 excitatus,
837 3937 919 3995 00110
946 3941 1082 4013 tempore
1104 3935 1142 3994 ad
1166 3935 1401 3996 considerandum

290 4043 426 4118 sumpto,
460 4045 490 4098 et
516 4041 548 4098 11
569 4040 694 4098 amicum
717 4041 845 4098 iniustus
868 4039 1011 4098 10011101
1033 4041 1134 4097 amicas
1159 4037 1277 4116 sibique
1299 4052 1401 4096 omnen

290 4161 373 4220 spem
395 4139 550 4202 ademerit.
597 4135 778 4201 Petulantia
801 4147 829 4200 et
849 4137 1044 4218 protervitas
1067 4142 1130 4199 eius
1154 4145 1214 4214 est,
1238 4143 1290 4218 qui
1310 4138 1400 4216 praeci·

289 4246 383 4324 pitam
407 4265 439 4304 se
460 4245 597 4323 proripit,
623 4244 658 4304 cf.
682 4243 749 4304 Ter.
773 4242 880 4302 Heaut.
906 4245 981 4304 723:
1009 4243 1108 4319 „Satis
1130 4244 1182 4322 pol
1205 4247 1342 4320 probasne
1364 4257 1400 4295 ne

291 4345 358 4423 Syri
379 4348 523 4425 promissa
545 4347 602 4406 huc
624 4342 837 4418 induxerunt“,
869 4365 934 4424 quae
952 4345 1148 4406 Ruhnkenins
1173 4352 1254 4404 recte
1277 4353 1400 4404 cunrat:
