2922 5006
754 517 758 524 '
821 522 913 576 Plauti

805 710 936 795 Hegio

714 820 757 884 Aa
778 819 841 884 tibi
863 819 1012 886 oberunt.

761 951 973 1035 Tyndarus

1052 1055 1234 1142 Optumesi.
1363 1077 1400 1127 τοο

306 1163 350 1228 At
373 1185 464 1229 erum
489 1167 631 1246 seruaui,
655 1186 751 1248 quem
775 1173 941 1232 seruatum
964 1165 1100 1250 gaudeo,

308 1271 392 1350 Quoi
413 1293 465 1337 me
488 1274 658 1340 custodem
680 1273 854 1340 addiderat
877 1293 951 1338 erus
974 1275 1079 1340 maior
1100 1295 1202 1341 mens.

308 1379 372 1447 Sed
394 1382 520 1448 malene
542 1381 576 1447 id
598 1381 721 1448 factum
745 1381 928 1448 arbitrare?

802 1505 933 1590 Hegio

966 1615 1130 1682 Pessume.

761 1723 970 1808 Tyndarus
1166 1703 1170 1719 ἱ

305 1831 349 1894 At
371 1851 431 1913 ego
455 1831 506 1896 aio
529 1837 628 1910 recte,
653 1837 752 1916 atque
775 1831 836 1897 abs
859 1839 892 1898 tc
915 1853 1043 1898 sorsum
1066 1833 1183 1899 sentio.

304 1938 388 2004 Nam
411 1941 564 2023 cogitato,
588 1941 616 2005 si
640 1941 713 2022 quis
736 1940 799 2005 hoc
820 1945 919 2024 gnato
942 1947 1000 2006 tuo

306 2045 395 2112 Tuus
419 2069 531 2113 seruos
552 2046 643 2129 faxit,
666 2049 796 2132 qualem
818 2049 957 2116 haberes
979 2049 1141 2133 gratiam?

305 2153 525 2221 Emitteresne
548 2177 651 2222 neone
674 2179 747 2223 eum
771 2179 898 2224 seruom
921 2158 1041 2224 manu?

303 2262 444 2329 Essetno
468 2265 557 2349 apud
578 2272 612 2331 ie
634 2267 663 2332 is
685 2287 798 2332 seruos
821 2267 1103 2350 acceptissumus?

304 2371 486 2455 Responde.
597 2459 601 2468 ¹

802 2481 931 2564 Hegio

530 2589 664 2674 Opinon.

759 2696 967 2780 Tyndarus

714 2801 780 2869 Cur
803 2793 880 2887 ergo
903 2805 1007 2870 iratus
1030 2803 1110 2870 mihi
1133 2805 1189 2870 es?

305 3039 390 3117 Quia
412 3040 460 3106 illi
482 3040 573 3109 suisti
597 3063 694 3128 quam
717 2934 956 3110 mihiffiddllidr.

756 3173 967 3258 Tyndarus

303 3279 410 3358 Quid?
433 3288 470 3347 tu
493 3303 559 3347 una
580 3289 677 3347 nocie
701 3283 915 3366 postulauisii
938 3289 971 3348 et
994 3283 1045 3349 die

302 3389 428 3454 Recens
453 3396 586 3473 capium
608 3389 782 3470 hominem,
805 3411 967 3475 nuperum
990 3396 1023 3456 ei
1044 3391 1219 3470 nonicium‚

237 3509 240 3516 ·
302 3494 348 3560 Te
370 3497 557 3580 perdocere,
580 3504 617 3563 ut
639 3497 755 3564 melius
780 3499 982 3564 consulerem
1005 3499 1066 3564 tibi

303 3603 407 3680 Quam
430 3603 487 3684 illi,
510 3606 642 3687 quicum
664 3626 731 3671 una
755 3627 774 3672 a
796 3627 899 3691 puero
922 3611 1066 3671 aetatem
1090 3606 1281 3690 exegeram?

803 3737 931 3819 Hegio

304 3841 392 3924 Ergo
416 3843 457 3907 ab
481 3864 519 3908 eo
542 3844 647 3927 petito
670 3846 812 3926 gratiam
834 3846 941 3908 istem.
988 3844 1113 3924 Ducite,

303 3949 367 4014 Ubi
389 3950 601 4033 ponderosas
626 3972 755 4017 crassas
780 3953 889 4036 capiat
911 3951 1081 4036 conpedes.

302 4057 380 4123 Inde
402 4059 466 4125 ibis
489 4081 586 4144 porro
609 4061 642 4124 in
665 4060 817 4126 latomias
841 4059 1030 4144 lapidarias.

353 4229 531 4239 —---——

369 4313 472 4366 iod—5
498 4312 611 4367 duobus.
683 4315 734 4368 704
759 4321 835 4369 recte
855 4316 902 4383 qui
921 4316 971 4370 abs
1040 4317 1160 4370 uos—10
1186 4317 1272 4372 tribuo
1288 4308 1406 4368 isumus·

302 4397 420 4450 'ill-16
438 4403 572 4465 quacun.
626 4401 676 4452 714
695 4416 712 4454 a
731 4415 780 4454 om.
834 4402 984 4456 insistam
1003 4403 1123 4472 gratiam
