2932 5010
58 1668 256 1776 Bacchidum
275 1711 454 1789 principium
471 1731 530 1768 una
548 1731 613 1769 cum
632 1711 712 1769 exilu
727 1710 929 1770 antecedentis
941 1712 1049 1771 fabulae
1061 1714 1189 1772 interiit.

72 1812 243 1871 lnterierunt
265 1813 352 1870 simul
375 1813 537 1888 periochae,
573 1833 645 1889 quas
668 1819 899 1890 anteposuerant
925 1815 1121 1892 grammatici,
1157 1837 1187 1874 v.

73 1914 184 1993 Proleg.
203 1935 232 1991 p.
250 1917 307 1974 149
321 1935 375 1991 sq,
399 1935 452 1972 nec
476 1935 577 1973 eorum
601 1916 723 1988 auxilio,
748 1916 819 1991 quid
844 1917 874 1973 in
899 1915 1055 1992 deperdita
1077 1917 1187 1977 fabulas

72 2025 150 2092 parte
175 2019 274 2092 luerit,
300 2017 434 2075 divinare
456 2037 626 2094 possumus;
658 2017 710 2076 sed
734 2023 993 2095 quantumcunque
1016 2019 1071 2078 hoc
1094 2019 1186 2077 detri-

71 2127 204 2192 mentum,
220 2125 273 2194 est,
298 2139 411 2178 summa
433 2125 532 2177 tamen
555 2121 721 2194 argumenti
744 2121 823 2178 clare
845 2123 1034 2198 perspicitur.

128 2223 300 2296 Nicobulus‚
314 2225 387 2280 ciris
398 2222 589 2281 Atheniensis
601 2223 742 2300 locuples,
751 2222 966 2282 Mnesilochum
979 2222 1073 2282 filium
1085 2223 1187 2282 adule-

71 2333 192 2384 scentem
215 2327 247 2383 in
270 2325 370 2384 Asiam
394 2327 491 2398 misit,
521 2331 555 2383 ut
582 2327 751 2402 pecuniam,
786 2345 874 2402 quam
897 2326 967 2384 olim
990 2327 1053 2402 ipse
1075 2325 1185 2403 Ephesi

70 2430 142 2506 apud
158 2430 309 2506 hospitem
328 2428 514 2506 deposuerat,
539 2427 608 2486 inde
625 2428 772 2496 sublatam
791 2432 969 2504 reportaret.
1004 2427 1189 2488 Adulescens

71 2531 143 2591 Semi
165 2533 198 2590 iu
220 2550 348 2590 amorem
371 2529 526 2588 Bacchidis
549 2533 712 2589 meretricis
735 2529 853 2603 incidit,
883 2529 935 2589 sed
958 2529 1112 2590 deficiente
1134 2551 1186 2608 pe-

72 2637 151 2693 cunia
174 2655 238 2693 cam
260 2634 390 2692 retinere
413 2650 472 2692 non
495 2639 605 2710 potest,
629 2639 660 2692 ot
682 2633 752 2692 dum
775 2635 889 2711 negotii
908 2631 1081 2694 conficiendi
1099 2653 1187 2692 causa

70 2736 216 2815 Ephesum
238 2734 445 2814 proficiscitur,
470 2734 662 2794 Cleomachus
684 2737 769 2794 miles'
792 2757 853 2795 eam
874 2738 905 2794 in
923 2756 1031 2796 annum
1049 2735 1191 2795 conducit

70 2859 221 2917 secumque
249 2838 381 2898 Athenas
409 2838 540 2897 abducit.
604 2838 690 2910 Quod
717 2838 917 2898 Mnesilochus
951 2840 1004 2898 ubi
1034 2840 1187 2915 comperit,

70 2942 181 3000 litteras
209 2943 304 3000 mittit
332 2941 370 2998 ad
398 2940 592 2998 Pistoclerum
629 2921 753 2999 amicum
788 2947 819 2998 et
851 2941 984 3000 sodalem
1018 2961 1117 3012 suum,
1152 2945 1186 2998 ut

70 3043 240 3104 Bacchidem
263 3045 397 3102 inveniat
420 3063 553 3118 eamque,
577 3043 601 3100 si
624 3042 689 3100 fieri
710 3046 816 3120 possit,
840 3041 896 3101 sibi
919 3047 1026 3102 servet.
1061 3043 1187 3101 Bacchis

68 3152 99 3204 ut
121 3147 252 3204 Athenas
274 3146 364 3218 veuit,
392 3145 435 3203 ibi
457 3164 591 3204 sororem
613 3146 726 3203 invenit
748 3148 896 3219 geminam
919 3149 949 3202 et
971 3146 1187 3219 cognominem,

69 3255 96 3305 et
118 3251 211 3326 ipsam
235 3249 436 3319 meretricem,
461 3267 549 3325 quam
571 3246 623 3304 ubi
645 3248 790 3324 permissu
813 3247 917 3304 militis
939 3248 1056 3318 invisit,
1091 3247 1128 3304 ab
1151 3267 1186 3304 ea

68 3351 144 3409 abire
168 3371 226 3410 nou
249 3351 321 3408 vult.
366 3347 547 3408 Pistoclerus
570 3354 686 3422 autem,
718 3349 891 3408 adulescens
914 3351 1003 3408 etiam
1026 3369 1103 3408 nunc
1125 3368 1187 3426 pee-

67 3454 172 3528 dagogi
194 3456 320 3529 imperio
343 3452 502 3524 subiectus,
532 3451 602 3510 dum
626 3454 712 3510 amici
735 3453 857 3510 amicam
880 3453 988 3529 quaerit
1011 3457 1041 3510 at
1064 3454 1186 3528 reperit,

67 3556 126 3631 ipse
148 3557 325 3614 meretriciis
347 3555 501 3612 blanditiis
524 3556 618 3614 victus
641 3557 671 3612 in
695 3574 824 3613 amorem
847 3554 953 3614 incidit
976 3556 1040 3613 eius
1062 3556 1187 3627 sororis,

68 3677 130 3732 quse
153 3659 280 3716 Athenis
303 3657 474 3729 habitabat,
509 3677 563 3716 nec
590 3660 723 3716 convicio
751 3659 897 3734 minisque
925 3657 1001 3733 Lydi
1028 3657 1186 3734 pedagogi

66 3759 100 3817 ab
132 3780 168 3818 ea
197 3759 331 3818 abstrahi
353 3765 462 3836 potest.
517 3759 717 3819 Mnesilochus
745 3759 878 3819 conlecto
906 3761 1026 3837 nogotio
1052 3759 1187 3818 Athenas
1214 3793 1217 3798 Δ

66 3841 200 3920 reversus
222 3861 398 3938 Chrysalum
422 3883 539 3921 servum
562 3864 662 3920 statim
686 3884 702 3920 a
723 3869 815 3939 portu
837 3863 1006 3939 promittit,
1041 3867 1184 3937 utquam

65 3966 190 4039 primum
212 3965 409 4023 Pistoclerum
441 3967 596 4024 conveniat
624 3971 668 4037 et,
703 3964 776 4040 quid
804 3964 841 4022 de
871 3962 1017 4022 Bacchide
1045 3963 1183 4036 effecerit,

65 4069 211 4126 resciscat.
267 4067 296 4124 Ia
319 4067 371 4124 ubi
400 4066 577 4125 Bacchidem
607 4070 759 4126 inventam
790 4087 853 4124 esse
882 4067 1028 4141 comperit
1049 4065 1188 4140 nihilque

65 4173 159 4242 magis
183 4189 306 4248 cupere,
341 4189 428 4246 quam
451 4175 486 4228 ut
509 4189 526 4227 a
548 4169 641 4227 milite
664 4169 815 4242 discedat,
851 4169 902 4227 sed
925 4187 1022 4226 annuo
1049 4171 1185 4242 tempore

65 4271 194 4330 nondum
217 4277 322 4330 exacto
345 4273 404 4329 nisi
426 4271 561 4330 ducentis
585 4271 930 4354 Philippisnumaratis‚
962 4259 1104 4346 quantum
1127 4289 1186 4346 pro

65 4373 181 4450 reliqua
204 4376 272 4432 anni
295 4381 381 4451 parte
405 4379 560 4450 acceperat
582 4370 621 4446 (v.
637 4375 707 4432 588.
730 4371 835 4447 1095),
857 4373 979 4432 liberari
1001 4391 1061 4431 nou
1084 4391 1185 4450 posse,
