2916 5006
251 511 312 575 398
734 507 896 565 Bacchides.

250 703 331 780 quod
360 707 390 761 et
417 723 496 763 nunc
524 703 627 762 multis
657 701 692 762 fit
718 705 750 762 in
777 703 864 778 fanis,
893 711 925 763 et
946 705 1118 765 Alexander
1144 708 1177 766 in
1199 705 1301 766 Cilicis
1327 705 1375 765 dc·

249 807 385 883 posuisse
414 805 494 883 apud
517 805 653 864 Solenses
682 807 714 864 in
742 806 867 866 delubro
895 810 1052 885 pecuniam
1076 809 1201 883 dicitur,
1236 815 1267 868 et
1286 808 1372 867 Athe·

183 955 190 960 .
249 909 359 966 niensis
387 906 556 967 Clisthenes
584 909 692 968 Iunoni
720 907 840 982 Semiae,
876 911 949 968 civis
981 913 1134 986 egregius,
1170 931 1263 989 quum
1289 911 1373 970 rebus

186 1057 192 1076 .
249 1012 370 1069 timeret
392 1013 467 1085 suis,
502 1009 633 1070 filiarum
661 1011 747 1071 dotes
771 1007 963 1071 credidisse“.
1008 1012 1053 1072 Id.
1077 1013 1115 1071 ad
1137 1013 1244 1074 Famil.
1268 1013 1301 1086 V,
1325 1015 1370 1086 20,

252 1118 279 1172 5.
311 1113 349 1171 sd
371 1114 462 1173 Attio.
486 1113 520 1186 V,
556 1116 612 1187 21,
644 1115 692 1172 12.
744 1113 833 1172 Corn.
863 1113 940 1192 Nep.
972 1115 1131 1175 Hennibel.
1156 1118 1185 1176 9.
1244 1114 1316 1174 Ces.
1343 1114 1373 1173 B.

250 1215 311 1275 civ.
335 1216 358 1288 Ι,
384 1219 402 1274 6
425 1221 515 1275 extu:
554 1219 705 1292 „pecuniae
734 1236 752 1274 a
780 1217 950 1292 municipiis
973 1219 1148 1294 exiguntur,
1180 1238 1196 1276 e
1220 1218 1298 1277 fenis
1320 1217 1373 1276 tol·

249 1315 383 1376 luntur“.
434 1318 563 1376 Maxime
586 1319 643 1377 huc
665 1319 800 1396 pertinet
822 1317 909 1378 Dion.
934 1318 1037 1396 Chrys.
1063 1322 1118 1392 31,
1148 1339 1177 1397 p.
1204 1323 1265 1380 363
1289 1319 1372 1378 Dind.

245 1421 318 1476 ’'lcrs
342 1443 396 1478 που
417 1422 478 1486 τοὺς
499 1421 652 1494 Ἐφεσίους,
675 1422 715 1478 ότι
737 1423 826 1478 πολλά
848 1423 973 1497 χρήματα
997 1424 1061 1499 παρ’
1086 1423 1176 1489 αὐτοῖς
1198 1429 1257 1480 ἐστι
1278 1425 1310 1480 τά
1329 1427 1375 1496 μὲν

252 1523 364 1580 ἰδιωτῶν
386 1523 550 1598 όποκεῖμενα
573 1531 601 1582 ἐν
623 1527 658 1598 τῷ
680 1525 730 1598 νεῷ
746 1527 791 1593 τῆς
806 1523 959 1599 Ἀρτέμιδος,
983 1525 1031 1582 οόκ
1048 1525 1180 1598 Ἐφεσίων
1196 1529 1290 1602 μόνον,
1312 1526 1369 1582 όλλιΙ

250 1625 294 1682 καὶ
318 1629 398 1690 ξένων
421 1627 465 1684 καὶ
493 1630 545 1684 τῶν
574 1629 682 1684 ὁπόθεν
710 1627 809 1697 δήποτε
836 1627 1007 1703 ἀνθρώπων,
1036 1630 1068 1684 τό
1096 1627 1124 1685 ds'
1154 1629 1199 1686 καὶ
1222 1629 1312 1703 dipsis
1333 1629 1374 1684 καὶ

250 1731 388 1802 βασιλέων,
412 1731 428 1785 ά
450 1733 559 1786 τιθέασι
584 1732 680 1794 πάντες
702 1731 728 1786 οἳ
749 1732 868 1795 τιθέντες
891 1729 1041 1803 ἀσφαλείας
1062 1732 1153 1806 χάριν,
1178 1732 1287 1797 οόδενὸς
1304 1731 1373 1789 oddo·

251 1833 359 1888 πώποτε
371 1835 552 1906 τολμήσαντος
568 1833 694 1904 ἀδικῆσαι
710 1835 757 1889 τὸν
775 1835 868 1906 τόπον,
886 1836 987 1890 καίτοι
1005 1833 1051 1890 καὶ
1068 1836 1193 1908 πολέμων
1212 1834 1259 1904 ἤθη
1276 1837 1373 1910 μορίοιν
1448 1851 1449 1862 ’

249 1937 402 2011 γεγονότων
419 1935 463 1992 καὶ
481 1938 609 2002 πολλάκις
628 1937 744 2006 άλοόσης
763 1937 806 2005 τῆς
825 1937 934 2000 πόλεως.
969 1935 1068 1996 Unum
1080 1937 1259 2014 exemplum,
1278 1937 1373 1994 Xeno·
1448 1927 1449 1980 ἶ

250 2036 382 2113 phontis,
406 2043 511 2096 notum
534 2045 581 2096 est
602 2057 638 2096 ex
659 2037 755 2095 duab.
780 2037 814 2110 V,
840 2039 868 2110 3,
894 2041 928 2096 6:
952 2042 1107 2096 καταλείπει
1129 2041 1207 2115 παρά
1223 2040 1372 2116 Μεγαβάζῳ

250 2143 286 2214 τῷ
308 2143 353 2210 τῆς
370 2140 516 2216 Ἀρτέμιδος
534 2142 656 2216 νεωκόρῳ
669 2183 674 2195 .
686 2183 692 2195 .
704 2183 710 2195 .
722 2141 768 2197 καὶ
787 2141 944 2208 ἐπέστειλεν,
967 2143 999 2210 ἢν
1016 2145 1065 2212 μὲν
1082 2141 1161 2207 αότὸς
1181 2143 1273 2216 σωθῇ,
1295 2144 1374 2215 ἑαυτῷ

250 2242 408 2311 ἀποδοῦναι,
425 2245 457 2313 ἣν
474 2243 503 2300 dl
518 2265 543 2299 τι
560 2243 650 2318 πάθῃ,
668 2241 813 2300 άναθεῖναι
830 2245 1014 2318 ποιησάμενον
1034 2245 1064 2318 1?
1082 2244 1237 2320 Ἀρτόμιὸιό
1254 2268 1280 2301 τι
1296 2249 1373 2301 οἴοιτο

250 2351 413 2422 χαριεῖσθαι
434 2347 466 2421 τῇ
488 2347 555 2421 θεῷ.
595 2344 747 2418 Diogenes
759 2345 860 2404 Luert.
873 2345 911 2419 Π,
938 2349 992 2405 51:
1016 2348 1159 2423 γενόμενος
1182 2347 1206 2403 d’
1230 2353 1258 2404 ἐν
1273 2348 1371 2422 Ἐφέσῳ

250 2448 296 2504 καὶ
317 2451 433 2525 χρυσίον
456 2448 526 2520 ἔχων
547 2451 579 2506 τό
599 2451 648 2524 μὲν
680 2449 762 2524 ἥμισυ
791 2449 946 2526 Μεγαβάζῳ
974 2449 1069 2506 δίδωσι
1097 2453 1134 2524 τῷ
1161 2453 1206 2520 τῆς
1232 2449 1372 2528 Ἀρτέμιδος
1447 2521 1448 2540 ¹

250 2551 315 2628 ἱερεῖ
336 2553 491 2624 φυλάττειν,
520 2551 568 2616 ἕως
591 2553 623 2608 ἂν
645 2554 785 2626 ἐπανέλθῃ
807 2557 865 2610 cot.
897 2581 934 2592 -
964 2551 1134 2610 Verisimile
1163 2558 1210 2612 est
1231 2553 1372 2630 λιττεραε·

248 2656 346 2711 tinere
370 2653 474 2726 verbe,
510 2672 575 2729 quae
605 2673 641 2712 ex
662 2655 821 2712 Menandri
842 2655 891 2720 Δὶς
914 2657 1080 2720 ἐξαπατῶντι
1102 2655 1235 2716 efferunt
1256 2655 1373 2714 Photius

215 2789 217 2794 ·
249 2775 280 2832 p.
306 2757 354 2828 50,
382 2757 399 2813 6
424 2761 455 2814 et
476 2754 583 2815 Suidas
606 2777 633 2815 v.
658 2759 777 2833 ζάκορος,
822 2757 903 2835 quod
925 2759 1057 2834 νεωκόρον
1079 2761 1313 2835 interpretetur:

697 2861 729 2918 οὐ
752 2861 914 2938 Μεγάβυζος
935 2852 974 2932 ἦν,

541 2963 613 3028 ὅστις
634 2965 738 3040 γε’νοιτο
761 2963 886 3038 ζάκοροςς

250 3065 332 3124 cuius
354 3064 514 3139 fragmenti
536 3084 656 3123 sensum
679 3063 871 3123 Ritschelium
894 3067 925 3123 in
947 3064 1085 3142 Perergis
1106 3086 1136 3143 p.
1161 3067 1224 3126 408
1249 3065 1374 3124 erbitrcr

248 3173 328 3226 recte
351 3166 515 3226 divinasse:
546 3163 734 3239 Nicobulum,
758 3169 864 3241 ignoto
887 3167 1039 3226 Theotimi
1057 3169 1177 3228 nomine
1196 3173 1373 3248 stupentem,

249 3273 398 3348 quesisse,
420 3289 521 3330 noune
543 3270 725 3347 Megabyzue
748 3269 874 3328 aedituus
898 3275 990 3344 esset;
1025 3291 1143 3330 servum
1167 3276 1285 3342 eutem,
1319 3289 1374 3346 qno

248 3373 434 3432 menducium
456 3393 541 3432 suum
563 3375 735 3446 sustineret,
759 3372 963 3450 respondisse:
993 3373 1104 3446 ,Immo
1121 3372 1203 3433 filius
1220 3371 1374 3448 Megabyzi

248 3471 455 3534 Theotimus“.
510 3475 575 3534 Hoc
603 3477 749 3554 imprimis
777 3476 935 3534 ridiculum
968 3477 1102 3534 futurum
1136 3483 1202 3534 erat
1236 3478 1291 3548 iis,
1326 3473 1374 3550 qui

248 3577 436 3654 Megabyzoe,
461 3577 564 3637 Diuum
587 3579 765 3650 secerdotes,
791 3578 940 3636 eunuchos
961 3599 1026 3636 esse
1043 3579 1207 3650 novissent,
1231 3598 1260 3637 v.
1279 3575 1373 3636 Streb.
1444 3629 1445 3642 ,

245 3679 323 3752 XIV,
351 3681 377 3752 l,
402 3681 440 3738 23
456 3704 465 3746 :¹
486 3681 572 3758 ἱερέας
594 3681 618 3737 d'
642 3681 786 3753 εὖνοόχονς
808 3677 891 3752 εἶχον,
914 3683 959 3746 οὓς
981 3683 1092 3738 ἐκάλουν
1116 3681 1308 3758 Μεγαβάζους,
1330 3677 1372 3734 καὶ

248 3784 406 3855 ἀλλαχόθεν
426 3784 558 3858 μετιόντες
580 3783 622 3840 ciet
643 3807 715 3850 τινας
738 3785 829 3850 ἀξίους
850 3788 894 3854 τῇς
916 3786 1038 3854 τοιαύτης
1061 3787 1235 3860 προστασίας
1258 3777 1325 3860 ἦγον
1348 3787 1374 3836 e'r

246 3889 308 3963 τιμῇ
329 3887 433 3963 μεγάλῃ
463 3881 521 3958 (καὶ
549 3891 618 3945 ante
646 3879 712 3963 ἦγον
735 3885 918 3959 delevimus).
971 3885 1013 3946 Cf.
1038 3887 1184 3945 Heracliti
1213 3887 1313 3965 Epist.
1336 3882 1372 3942 ud

246 3989 467 4060 Hermodorum
488 3989 520 4046 in
539 3987 676 4066 Eunapio
697 3987 884 4046 Boissonadii
906 4007 935 4064 p.
955 3991 1027 4047 427.
1072 3988 1132 4048 Sed
1154 3989 1230 4048 telis
1248 3987 1373 4046 Athenis

246 4093 376 4168 intelligi
398 4097 571 4168 potuerunt,
595 4091 696 4150 Romae
718 4112 778 4150 non
794 4097 965 4168 potuerunt,
995 4111 1088 4168 quere
1110 4111 1170 4150 non
1193 4098 1241 4150 est
1257 4093 1371 4156 mirum,

246 4197 271 4254 si
305 4195 429 4254 Plautus
464 4193 546 4253 aliud
584 4193 740 4252 substituit
779 4200 809 4252 et
846 4213 902 4270 pro
936 4193 1100 4268 Megabyzo
1139 4185 1372 4271 Meyutobulum

246 4299 357 4372 posuit.
424 4295 483 4356 Sed
515 4298 541 4356 ei
574 4296 781 4373 corrigendum
815 4298 862 4369 sit,
896 4295 971 4354 illud
1005 4297 1121 4368 malim,
1165 4317 1254 4372 quem
1295 4288 1370 4370 quod

248 4417 285 4456 ex
316 4399 473 4457 Strabonis
507 4398 658 4457 codicibus
692 4399 916 4460 Hemsterhueio
958 4403 988 4457 et
1026 4399 1160 4458 Meursio
1199 4395 1368 4457 auctoribus
