<?xml version="1.0" encoding="UTF-8"?>
<!DOCTYPE html PUBLIC "-//W3C//DTD XHTML 1.0 Transitional//EN"
    "http://www.w3.org/TR/xhtml1/DTD/xhtml1-transitional.dtd">
<html xmlns="http://www.w3.org/1999/xhtml" xml:lang="en" lang="en">
 <head>
  <title>
</title>
<meta http-equiv="Content-Type" content="text/html;charset=utf-8" />
  <meta name='ocr-system' content='tesseract 3.04.00' />
  <meta name='ocr-capabilities' content='ocr_page ocr_carea ocr_par ocr_line ocrx_word'/>
</head>
<body>
  <div class='ocr_page' id='page_1' title='image "./tmacciiplautico00ussigoog_0461.png"; bbox 0 0 2916 5006; ppageno 0'>
   <div class='ocr_carea' id='block_1_1' title="bbox 277 501 917 564">
    <p class='ocr_par' dir='ltr' id='par_1_1' title="bbox 277 501 917 564">
     <span class='ocr_line' id='line_1_1' title="bbox 277 501 917 564; baseline 0 -11"><span class='ocrx_word' id='word_1_1' title='bbox 277 505 339 564; x_wconf 80' lang='grc'>442</span> <span class='ocrx_word' id='word_1_2' title='bbox 757 501 917 555; x_wconf 78' lang='lat' dir='ltr'><strong>Bacchides.</strong></span> 
     </span>
    </p>
   </div>
   <div class='ocr_carea' id='block_1_2' title="bbox 271 693 1399 3446">
    <p class='ocr_par' dir='ltr' id='par_1_2' title="bbox 275 693 1452 1698">
     <span class='ocr_line' id='line_1_2' title="bbox 276 693 1394 773; baseline 0 -21"><span class='ocrx_word' id='word_1_3' title='bbox 276 696 425 768; x_wconf 77' lang='lat' dir='ltr'>incedam,</span> <span class='ocrx_word' id='word_1_4' title='bbox 460 693 588 767; x_wconf 84' lang='lat' dir='ltr'>euenit“,</span> <span class='ocrx_word' id='word_1_5' title='bbox 623 696 770 772; x_wconf 87' lang='lat' dir='ltr'>producta</span> <span class='ocrx_word' id='word_1_6' title='bbox 803 699 902 773; x_wconf 90' lang='lat' dir='ltr'>priore</span> <span class='ocrx_word' id='word_1_7' title='bbox 936 699 1016 754; x_wconf 90' lang='lat' dir='ltr'>vocis</span> <span class='ocrx_word' id='word_1_8' title='bbox 1053 693 1194 769; x_wconf 86' lang='lat' dir='ltr'>,ouans“.</span> <span class='ocrx_word' id='word_1_9' title='bbox 1228 727 1268 734; x_wconf 88' lang='lat'>-</span> <span class='ocrx_word' id='word_1_10' title='bbox 1304 698 1394 754; x_wconf 85' lang='grc'><strong>1067.</strong></span> 
     </span>
     <span class='ocr_line' id='line_1_3' title="bbox 278 793 1396 875; baseline -0.003 -17"><span class='ocrx_word' id='word_1_11' title='bbox 278 793 397 871; x_wconf 77' lang='lat' dir='ltr'>Salute,</span> <span class='ocrx_word' id='word_1_12' title='bbox 427 799 446 854; x_wconf 92' lang='lat' dir='ltr'>i.</span> <span class='ocrx_word' id='word_1_13' title='bbox 471 818 586 858; x_wconf 71' lang='lat' dir='ltr'>ecum</span> <span class='ocrx_word' id='word_1_14' title='bbox 609 799 720 871; x_wconf 89' lang='lat' dir='ltr'>salute,</span> <span class='ocrx_word' id='word_1_15' title='bbox 755 799 813 857; x_wconf 88' lang='lat' dir='ltr'>vid.</span> <span class='ocrx_word' id='word_1_16' title='bbox 844 798 881 857; x_wconf 91' lang='lat' dir='ltr'>ad</span> <span class='ocrx_word' id='word_1_17' title='bbox 910 797 1018 875; x_wconf 80' lang='lat' dir='ltr'>Amph.</span> <span class='ocrx_word' id='word_1_18' title='bbox 1044 802 1092 858; x_wconf 83' lang='lat'>32.</span> <span class='ocrx_word' id='word_1_19' title='bbox 1122 831 1166 842; x_wconf 91' lang='lat'>—·</span> <span class='ocrx_word' id='word_1_20' title='bbox 1200 801 1290 858; x_wconf 83' lang='grc'><strong>1168.</strong></span> <span class='ocrx_word' id='word_1_21' title='bbox 1324 797 1396 856; x_wconf 88' lang='lat' dir='ltr'>Post</span> 
     </span>
     <span class='ocr_line' id='line_1_4' title="bbox 275 899 1397 976; baseline -0.004 -15"><span class='ocrx_word' id='word_1_22' title='bbox 275 899 388 961; x_wconf 80' lang='lat' dir='ltr'><strong><em>reduco</em></strong></span> <span class='ocrx_word' id='word_1_23' title='bbox 410 900 509 960; x_wconf 78' lang='lat' dir='ltr'>hiatus</span> <span class='ocrx_word' id='word_1_24' title='bbox 537 904 568 958; x_wconf 92' lang='lat' dir='ltr'>in</span> <span class='ocrx_word' id='word_1_25' title='bbox 596 921 715 960; x_wconf 88' lang='lat' dir='ltr'>caesura.</span> <span class='ocrx_word' id='word_1_26' title='bbox 761 901 862 960; x_wconf 76' lang='lat' dir='ltr'>Herio.</span> <span class='ocrx_word' id='word_1_27' title='bbox 889 899 981 976; x_wconf 88' lang='lat' dir='ltr'>‚,ego“</span> <span class='ocrx_word' id='word_1_28' title='bbox 1013 901 1114 976; x_wconf 80' lang='lat' dir='ltr'><strong>addit,</strong></span> <span class='ocrx_word' id='word_1_29' title='bbox 1149 902 1261 962; x_wconf 88' lang='lat' dir='ltr'>Ritsch.</span> <span class='ocrx_word' id='word_1_30' title='bbox 1289 901 1397 976; x_wconf 78' lang='lat' dir='ltr'>„iam“.</span> 
     </span>
     <span class='ocr_line' id='line_1_5' title="bbox 275 1001 1399 1081; baseline -0.001 -18"><span class='ocrx_word' id='word_1_31' title='bbox 275 1003 486 1064; x_wconf 81' lang='lat' dir='ltr'>Fllioentius:</span> <span class='ocrx_word' id='word_1_32' title='bbox 512 1003 700 1078; x_wconf 81' lang='lat' dir='ltr'>„Exercitum</span> <span class='ocrx_word' id='word_1_33' title='bbox 724 1007 872 1081; x_wconf 88' lang='lat' dir='ltr'>integrum</span> <span class='ocrx_word' id='word_1_34' title='bbox 894 1024 1012 1062; x_wconf 89' lang='lat' dir='ltr'>omnem</span> <span class='ocrx_word' id='word_1_35' title='bbox 1036 1005 1166 1065; x_wconf 77' lang='lat' dir='ltr'>redduco</span> <span class='ocrx_word' id='word_1_36' title='bbox 1189 1001 1399 1064; x_wconf 60' lang='grc' dir='ltr'><strong>(1111111ωῆ-</strong></span> 
     </span>
     <span class='ocr_line' id='line_1_6' title="bbox 279 1101 1396 1193; baseline -0.004 -26"><span class='ocrx_word' id='word_1_37' title='bbox 279 1109 370 1168; x_wconf 87' lang='grc'><strong>1070.</strong></span> <span class='ocrx_word' id='word_1_38' title='bbox 387 1103 608 1184; x_wconf 68' lang='lat' dir='ltr'>perseipsum</span> <span class='ocrx_word' id='word_1_39' title='bbox 630 1107 685 1178; x_wconf 83' lang='lat' dir='ltr'>esi,</span> <span class='ocrx_word' id='word_1_40' title='bbox 710 1107 769 1166; x_wconf 88' lang='lat' dir='ltr'>vid.</span> <span class='ocrx_word' id='word_1_41' title='bbox 793 1126 883 1185; x_wconf 90' lang='lat' dir='ltr'>supra</span> <span class='ocrx_word' id='word_1_42' title='bbox 905 1127 935 1184; x_wconf 90' lang='lat' dir='ltr'>p.</span> <span class='ocrx_word' id='word_1_43' title='bbox 956 1109 1016 1167; x_wconf 86' lang='grc'>360</span> <span class='ocrx_word' id='word_1_44' title='bbox 1040 1127 1082 1186; x_wconf 85' lang='lat' dir='ltr'>sq.</span> <span class='ocrx_word' id='word_1_45' title='bbox 1107 1139 1149 1148; x_wconf 89' lang='lat'>-</span> <span class='ocrx_word' id='word_1_46' title='bbox 1175 1111 1264 1168; x_wconf 93' lang='grc'><strong>1071.</strong></span> <span class='ocrx_word' id='word_1_47' title='bbox 1287 1101 1396 1193; x_wconf 56' lang='lat' dir='ltr'>mutue,</span> 
     </span>
     <span class='ocr_line' id='line_1_7' title="bbox 276 1209 1397 1289; baseline -0.004 -20"><span class='ocrx_word' id='word_1_48' title='bbox 276 1231 305 1270; x_wconf 85' lang='lat' dir='ltr'>v.</span> <span class='ocrx_word' id='word_1_49' title='bbox 323 1231 412 1289; x_wconf 88' lang='lat' dir='ltr'>supra</span> <span class='ocrx_word' id='word_1_50' title='bbox 430 1211 501 1269; x_wconf 90' lang='grc'><strong>967.</strong></span> <span class='ocrx_word' id='word_1_51' title='bbox 536 1209 671 1285; x_wconf 83' lang='lat' dir='ltr'>Chrysali</span> <span class='ocrx_word' id='word_1_52' title='bbox 694 1211 812 1283; x_wconf 86' lang='lat' dir='ltr'>milites,</span> <span class='ocrx_word' id='word_1_53' title='bbox 837 1212 888 1286; x_wconf 91' lang='lat' dir='ltr'>qui</span> <span class='ocrx_word' id='word_1_54' title='bbox 905 1211 1000 1268; x_wconf 89' lang='lat' dir='ltr'>mulso</span> <span class='ocrx_word' id='word_1_55' title='bbox 1020 1213 1212 1289; x_wconf 76' lang='lat' dir='ltr'>accipientur,</span> <span class='ocrx_word' id='word_1_56' title='bbox 1235 1212 1397 1269; x_wconf 74' lang='lat' dir='ltr'>histriones</span> 
     </span>
     <span class='ocr_line' id='line_1_8' title="bbox 279 1311 1397 1392; baseline -0.004 -21"><span class='ocrx_word' id='word_1_57' title='bbox 279 1319 357 1372; x_wconf 88' lang='lat' dir='ltr'>sunt.</span> <span class='ocrx_word' id='word_1_58' title='bbox 388 1343 423 1352; x_wconf 92' lang='lat'>-</span> <span class='ocrx_word' id='word_1_59' title='bbox 463 1314 553 1372; x_wconf 78' lang='lat'>1072.</span> <span class='ocrx_word' id='word_1_60' title='bbox 593 1311 697 1370; x_wconf 88' lang='lat' dir='ltr'>Manet</span> <span class='ocrx_word' id='word_1_61' title='bbox 731 1315 762 1370; x_wconf 88' lang='lat' dir='ltr'>in</span> <span class='ocrx_word' id='word_1_62' title='bbox 791 1317 1011 1392; x_wconf 86' lang='lat' dir='ltr'>comparatione</span> <span class='ocrx_word' id='word_1_63' title='bbox 1041 1317 1085 1372; x_wconf 89' lang='lat' dir='ltr'>rei</span> <span class='ocrx_word' id='word_1_64' title='bbox 1116 1315 1263 1372; x_wconf 87' lang='lat' dir='ltr'>militaris.</span> <span class='ocrx_word' id='word_1_65' title='bbox 1320 1312 1397 1371; x_wconf 82' lang='lat' dir='ltr'>Satis</span> 
     </span>
     <span class='ocr_line' id='line_1_9' title="bbox 278 1409 1394 1493; baseline -0.002 -19"><span class='ocrx_word' id='word_1_66' title='bbox 278 1421 393 1475; x_wconf 88' lang='lat' dir='ltr'>constat</span> <span class='ocrx_word' id='word_1_67' title='bbox 414 1415 547 1493; x_wconf 72' lang='lat' dir='ltr'>prodam</span> <span class='ocrx_word' id='word_1_68' title='bbox 572 1416 650 1473; x_wconf 91' lang='lat' dir='ltr'>bello</span> <span class='ocrx_word' id='word_1_69' title='bbox 672 1423 790 1493; x_wconf 88' lang='lat' dir='ltr'>partam</span> <span class='ocrx_word' id='word_1_70' title='bbox 814 1437 830 1473; x_wconf 85' lang='lat' dir='ltr'>a</span> <span class='ocrx_word' id='word_1_71' title='bbox 854 1409 1061 1493; x_wconf 65' lang='lat' dir='ltr'>quaestoribus</span> <span class='ocrx_word' id='word_1_72' title='bbox 1083 1417 1172 1474; x_wconf 86' lang='lat' dir='ltr'>vendi</span> <span class='ocrx_word' id='word_1_73' title='bbox 1190 1417 1394 1484; x_wconf 74' lang='lat' dir='ltr'>solitam‘esse.</span> 
     </span>
     <span class='ocr_line' id='line_1_10' title="bbox 275 1517 1395 1596; baseline -0.002 -19"><span class='ocrx_word' id='word_1_74' title='bbox 275 1524 310 1577; x_wconf 91' lang='lat' dir='ltr'>ut</span> <span class='ocrx_word' id='word_1_75' title='bbox 338 1521 464 1596; x_wconf 88' lang='lat' dir='ltr'>pecnnia</span> <span class='ocrx_word' id='word_1_76' title='bbox 493 1519 562 1576; x_wconf 91' lang='lat' dir='ltr'>inde</span> <span class='ocrx_word' id='word_1_77' title='bbox 589 1521 620 1577; x_wconf 93' lang='lat' dir='ltr'>in</span> <span class='ocrx_word' id='word_1_78' title='bbox 650 1521 790 1577; x_wconf 79' lang='lat' dir='ltr'>ararium</span> <span class='ocrx_word' id='word_1_79' title='bbox 824 1519 927 1596; x_wconf 91' lang='lat' dir='ltr'>populi</span> <span class='ocrx_word' id='word_1_80' title='bbox 961 1517 1153 1592; x_wconf 81' lang='lat' dir='ltr'>redigeretur.</span> <span class='ocrx_word' id='word_1_81' title='bbox 1210 1519 1308 1578; x_wconf 88' lang='lat' dir='ltr'>Plauti</span> <span class='ocrx_word' id='word_1_82' title='bbox 1342 1518 1395 1576; x_wconf 87' lang='lat' dir='ltr'>huc</span> 
     </span>
     <span class='ocr_line' id='line_1_11' title="bbox 277 1621 592 1698; baseline 0 -18"><span class='ocrx_word' id='word_1_83' title='bbox 277 1623 412 1698; x_wconf 87' lang='lat' dir='ltr'>pertinet</span> <span class='ocrx_word' id='word_1_84' title='bbox 434 1621 518 1698; x_wconf 83' lang='lat' dir='ltr'>Gapt.</span> <span class='ocrx_word' id='word_1_85' title='bbox 544 1621 592 1680; x_wconf 87' lang='grc'>34.</span> 
     </span>
    </p>

    <p class='ocr_par' dir='ltr' id='par_1_3' title="bbox 271 1723 1392 3446">
     <span class='ocr_line' id='line_1_12' title="bbox 363 1723 1392 1802; baseline 0 -20"><span class='ocrx_word' id='word_1_86' title='bbox 363 1726 452 1784; x_wconf 84' lang='grc'><strong>1073,</strong></span> <span class='ocrx_word' id='word_1_87' title='bbox 477 1723 658 1782; x_wconf 83' lang='lat' dir='ltr'>Philoxenus</span> <span class='ocrx_word' id='word_1_88' title='bbox 676 1723 712 1782; x_wconf 89' lang='lat' dir='ltr'>de</span> <span class='ocrx_word' id='word_1_89' title='bbox 729 1723 791 1782; x_wconf 82' lang='lat' dir='ltr'>filio</span> <span class='ocrx_word' id='word_1_90' title='bbox 808 1744 862 1783; x_wconf 91' lang='lat' dir='ltr'>suo</span> <span class='ocrx_word' id='word_1_91' title='bbox 881 1723 1027 1784; x_wconf 86' lang='lat' dir='ltr'>sollicitus</span> <span class='ocrx_word' id='word_1_92' title='bbox 1045 1723 1263 1784; x_wconf 84' lang='lat' dir='ltr'>Mnesilochum</span> <span class='ocrx_word' id='word_1_93' title='bbox 1280 1727 1392 1802; x_wconf 74' lang='lat' dir='ltr'>quaerit,</span> 
     </span>
     <span class='ocr_line' id='line_1_13' title="bbox 275 1824 1391 1900; baseline 0 -16"><span class='ocrx_word' id='word_1_94' title='bbox 275 1829 321 1884; x_wconf 89' lang='lat' dir='ltr'>cui</span> <span class='ocrx_word' id='word_1_95' title='bbox 349 1826 559 1899; x_wconf 87' lang='lat' dir='ltr'>mandaverat,</span> <span class='ocrx_word' id='word_1_96' title='bbox 594 1831 628 1884; x_wconf 92' lang='lat' dir='ltr'>ut</span> <span class='ocrx_word' id='word_1_97' title='bbox 656 1847 723 1884; x_wconf 89' lang='lat' dir='ltr'>eum</span> <span class='ocrx_word' id='word_1_98' title='bbox 751 1847 768 1886; x_wconf 89' lang='lat' dir='ltr'>s</span> <span class='ocrx_word' id='word_1_99' title='bbox 795 1827 1002 1886; x_wconf 79' lang='lat' dir='ltr'>meretricibus</span> <span class='ocrx_word' id='word_1_100' title='bbox 1031 1827 1219 1886; x_wconf 86' lang='lat' dir='ltr'>abstraheret</span> <span class='ocrx_word' id='word_1_101' title='bbox 1248 1825 1288 1900; x_wconf 83' lang='lat' dir='ltr'>(v.</span> <span class='ocrx_word' id='word_1_102' title='bbox 1312 1824 1391 1899; x_wconf 80' lang='lat'>491),</span> 
     </span>
     <span class='ocr_line' id='line_1_14' title="bbox 275 1929 1389 2007; baseline 0 -21"><span class='ocrx_word' id='word_1_103' title='bbox 275 1930 346 2006; x_wconf 90' lang='lat' dir='ltr'>quid</span> <span class='ocrx_word' id='word_1_104' title='bbox 365 1929 503 2002; x_wconf 83' lang='lat' dir='ltr'>effecerit,</span> <span class='ocrx_word' id='word_1_105' title='bbox 522 1932 598 1987; x_wconf 87' lang='lat' dir='ltr'>scire</span> <span class='ocrx_word' id='word_1_106' title='bbox 615 1931 746 2007; x_wconf 90' lang='lat' dir='ltr'>cupiens.</span> <span class='ocrx_word' id='word_1_107' title='bbox 781 1929 868 2001; x_wconf 77' lang='lat' dir='ltr'>Quod</span> <span class='ocrx_word' id='word_1_108' title='bbox 885 1929 923 1988; x_wconf 86' lang='lat' dir='ltr'>ad</span> <span class='ocrx_word' id='word_1_109' title='bbox 940 1935 1035 1988; x_wconf 89' lang='lat' dir='ltr'>metra</span> <span class='ocrx_word' id='word_1_110' title='bbox 1054 1931 1141 1988; x_wconf 89' lang='lat' dir='ltr'>huius</span> <span class='ocrx_word' id='word_1_111' title='bbox 1159 1932 1266 1988; x_wconf 89' lang='lat' dir='ltr'>cantici</span> <span class='ocrx_word' id='word_1_112' title='bbox 1278 1931 1389 2000; x_wconf 75' lang='lat' dir='ltr'>attinet,</span> 
     </span>
     <span class='ocr_line' id='line_1_15' title="bbox 275 2031 1389 2104; baseline -0.001 -14"><span class='ocrx_word' id='word_1_113' title='bbox 275 2034 332 2090; x_wconf 88' lang='lat' dir='ltr'>riri</span> <span class='ocrx_word' id='word_1_114' title='bbox 355 2033 435 2092; x_wconf 89' lang='lat' dir='ltr'>docti</span> <span class='ocrx_word' id='word_1_115' title='bbox 458 2033 649 2090; x_wconf 84' lang='lat' dir='ltr'>vehementer</span> <span class='ocrx_word' id='word_1_116' title='bbox 672 2031 857 2104; x_wconf 80' lang='lat' dir='ltr'>dubitarunt,</span> <span class='ocrx_word' id='word_1_117' title='bbox 880 2039 981 2091; x_wconf 88' lang='lat' dir='ltr'>utrum</span> <span class='ocrx_word' id='word_1_118' title='bbox 1003 2033 1161 2092; x_wconf 85' lang='lat' dir='ltr'>trochaicis</span> <span class='ocrx_word' id='word_1_119' title='bbox 1183 2033 1341 2091; x_wconf 85' lang='lat' dir='ltr'>octonariis</span> <span class='ocrx_word' id='word_1_120' title='bbox 1358 2053 1389 2089; x_wconf 90' lang='lat' dir='ltr'>an</span> 
     </span>
     <span class='ocr_line' id='line_1_16' title="bbox 274 2135 1388 2215; baseline 0 -22"><span class='ocrx_word' id='word_1_121' title='bbox 274 2137 460 2212; x_wconf 82' lang='lat' dir='ltr'>anapaesticis</span> <span class='ocrx_word' id='word_1_122' title='bbox 488 2135 618 2192; x_wconf 89' lang='lat' dir='ltr'>numeris</span> <span class='ocrx_word' id='word_1_123' title='bbox 641 2135 836 2211; x_wconf 86' lang='lat' dir='ltr'>compositum</span> <span class='ocrx_word' id='word_1_124' title='bbox 861 2139 954 2208; x_wconf 88' lang='lat' dir='ltr'>esset,</span> <span class='ocrx_word' id='word_1_125' title='bbox 988 2155 1015 2194; x_wconf 86' lang='lat' dir='ltr'>v.</span> <span class='ocrx_word' id='word_1_126' title='bbox 1040 2135 1153 2195; x_wconf 87' lang='lat' dir='ltr'>Ritsch.</span> <span class='ocrx_word' id='word_1_127' title='bbox 1178 2135 1260 2215; x_wconf 75' lang='lat' dir='ltr'>prael.</span> <span class='ocrx_word' id='word_1_128' title='bbox 1284 2157 1314 2215; x_wconf 89' lang='lat' dir='ltr'>p.</span> <span class='ocrx_word' id='word_1_129' title='bbox 1336 2135 1388 2207; x_wconf 84' lang='lat' dir='ltr'>Xl;</span> 
     </span>
     <span class='ocr_line' id='line_1_17' title="bbox 274 2237 1388 2314; baseline -0.003 -18"><span class='ocrx_word' id='word_1_130' title='bbox 274 2237 402 2296; x_wconf 84' lang='lat' dir='ltr'>tandem</span> <span class='ocrx_word' id='word_1_131' title='bbox 425 2237 462 2296; x_wconf 87' lang='lat' dir='ltr'>ad</span> <span class='ocrx_word' id='word_1_132' title='bbox 492 2239 643 2314; x_wconf 88' lang='lat' dir='ltr'>antiquam</span> <span class='ocrx_word' id='word_1_133' title='bbox 667 2237 830 2296; x_wconf 88' lang='lat' dir='ltr'>Hermanni</span> <span class='ocrx_word' id='word_1_134' title='bbox 853 2240 1030 2296; x_wconf 87' lang='lat' dir='ltr'>sententiam</span> <span class='ocrx_word' id='word_1_135' title='bbox 1053 2238 1207 2297; x_wconf 88' lang='lat' dir='ltr'>redierunt</span> <span class='ocrx_word' id='word_1_136' title='bbox 1229 2239 1341 2298; x_wconf 86' lang='lat' dir='ltr'>Ritsch.</span> <span class='ocrx_word' id='word_1_137' title='bbox 1364 2242 1388 2294; x_wconf 87' lang='lat' dir='ltr'>at</span> 
     </span>
     <span class='ocr_line' id='line_1_18' title="bbox 274 2341 1387 2419; baseline -0.002 -21"><span class='ocrx_word' id='word_1_138' title='bbox 274 2341 332 2412; x_wconf 75' lang='lat' dir='ltr'>Fi,</span> <span class='ocrx_word' id='word_1_139' title='bbox 367 2346 401 2398; x_wconf 91' lang='lat' dir='ltr'>ut</span> <span class='ocrx_word' id='word_1_140' title='bbox 430 2342 617 2416; x_wconf 77' lang='lat' dir='ltr'>anapaesticis</span> <span class='ocrx_word' id='word_1_141' title='bbox 647 2341 768 2400; x_wconf 87' lang='lat' dir='ltr'>alternis</span> <span class='ocrx_word' id='word_1_142' title='bbox 799 2341 961 2400; x_wconf 84' lang='lat' dir='ltr'>octonariis</span> <span class='ocrx_word' id='word_1_143' title='bbox 990 2347 1020 2399; x_wconf 87' lang='lat' dir='ltr'>et</span> <span class='ocrx_word' id='word_1_144' title='bbox 1048 2344 1225 2419; x_wconf 86' lang='lat' dir='ltr'>septenariis</span> <span class='ocrx_word' id='word_1_145' title='bbox 1253 2343 1387 2418; x_wconf 87' lang='lat' dir='ltr'>scriptum</span> 
     </span>
     <span class='ocr_line' id='line_1_19' title="bbox 272 2443 1387 2521; baseline 0 -21"><span class='ocrx_word' id='word_1_146' title='bbox 272 2448 422 2518; x_wconf 87' lang='lat' dir='ltr'>putarent,</span> <span class='ocrx_word' id='word_1_147' title='bbox 450 2443 501 2500; x_wconf 87' lang='lat' dir='ltr'>aed</span> <span class='ocrx_word' id='word_1_148' title='bbox 524 2445 588 2502; x_wconf 86' lang='lat' dir='ltr'>eius</span> <span class='ocrx_word' id='word_1_149' title='bbox 610 2445 653 2501; x_wconf 90' lang='lat' dir='ltr'>rei</span> <span class='ocrx_word' id='word_1_150' title='bbox 676 2463 764 2502; x_wconf 83' lang='lat' dir='ltr'>causa</span> <span class='ocrx_word' id='word_1_151' title='bbox 785 2445 911 2502; x_wconf 85' lang='lat' dir='ltr'>maxime</span> <span class='ocrx_word' id='word_1_152' title='bbox 934 2445 964 2500; x_wconf 90' lang='lat' dir='ltr'>in</span> <span class='ocrx_word' id='word_1_153' title='bbox 987 2447 1153 2521; x_wconf 88' lang='lat' dir='ltr'>posteriore</span> <span class='ocrx_word' id='word_1_154' title='bbox 1176 2445 1286 2503; x_wconf 85' lang='lat' dir='ltr'>cantici</span> <span class='ocrx_word' id='word_1_155' title='bbox 1309 2453 1387 2520; x_wconf 86' lang='lat' dir='ltr'>parte</span> 
     </span>
     <span class='ocr_line' id='line_1_20' title="bbox 273 2545 1385 2623; baseline 0 -20"><span class='ocrx_word' id='word_1_156' title='bbox 273 2565 332 2604; x_wconf 91' lang='lat' dir='ltr'>non</span> <span class='ocrx_word' id='word_1_157' title='bbox 355 2565 448 2622; x_wconf 84' lang='lat' dir='ltr'>pauca</span> <span class='ocrx_word' id='word_1_158' title='bbox 470 2551 631 2604; x_wconf 87' lang='lat' dir='ltr'>mutarunt.</span> <span class='ocrx_word' id='word_1_159' title='bbox 687 2546 751 2620; x_wconf 80' lang='lat' dir='ltr'>Ego</span> <span class='ocrx_word' id='word_1_160' title='bbox 780 2565 897 2623; x_wconf 91' lang='lat' dir='ltr'>quoque</span> <span class='ocrx_word' id='word_1_161' title='bbox 927 2551 1092 2621; x_wconf 85' lang='lat' dir='ltr'>anapaestos</span> <span class='ocrx_word' id='word_1_162' title='bbox 1121 2550 1309 2621; x_wconf 76' lang='lat' dir='ltr'>agnoverim,</span> <span class='ocrx_word' id='word_1_163' title='bbox 1342 2545 1385 2604; x_wconf 88' lang='lat' dir='ltr'>sed</span> 
     </span>
     <span class='ocr_line' id='line_1_21' title="bbox 272 2649 1387 2724; baseline -0.002 -18"><span class='ocrx_word' id='word_1_164' title='bbox 272 2669 333 2706; x_wconf 90' lang='lat' dir='ltr'>non</span> <span class='ocrx_word' id='word_1_165' title='bbox 355 2667 478 2724; x_wconf 89' lang='lat' dir='ltr'>prorsus</span> <span class='ocrx_word' id='word_1_166' title='bbox 501 2655 636 2707; x_wconf 84' lang='lat' dir='ltr'>accurate</span> <span class='ocrx_word' id='word_1_167' title='bbox 659 2649 841 2708; x_wconf 82' lang='lat' dir='ltr'>alternantes</span> <span class='ocrx_word' id='word_1_168' title='bbox 863 2667 979 2722; x_wconf 87' lang='lat' dir='ltr'>versus,</span> <span class='ocrx_word' id='word_1_169' title='bbox 1010 2669 1063 2708; x_wconf 86' lang='lat' dir='ltr'>nee</span> <span class='ocrx_word' id='word_1_170' title='bbox 1091 2650 1179 2707; x_wconf 85' lang='lat' dir='ltr'>aliter</span> <span class='ocrx_word' id='word_1_171' title='bbox 1201 2649 1387 2709; x_wconf 88' lang='lat' dir='ltr'>Studsmund.</span> 
     </span>
     <span class='ocr_line' id='line_1_22' title="bbox 274 2751 1385 2830; baseline -0.002 -20"><span class='ocrx_word' id='word_1_172' title='bbox 274 2751 385 2810; x_wconf 83' lang='lat' dir='ltr'>Cautio.</span> <span class='ocrx_word' id='word_1_173' title='bbox 409 2770 438 2826; x_wconf 91' lang='lat' dir='ltr'>p.</span> <span class='ocrx_word' id='word_1_174' title='bbox 464 2753 512 2810; x_wconf 86' lang='lat'>53.</span> <span class='ocrx_word' id='word_1_175' title='bbox 577 2753 741 2812; x_wconf 81' lang='grc'><strong>1073-74</strong></span> <span class='ocrx_word' id='word_1_176' title='bbox 771 2753 941 2811; x_wconf 87' lang='lat' dir='ltr'>octonarius</span> <span class='ocrx_word' id='word_1_177' title='bbox 969 2771 1034 2812; x_wconf 88' lang='lat' dir='ltr'>oum</span> <span class='ocrx_word' id='word_1_178' title='bbox 1061 2755 1233 2830; x_wconf 86' lang='lat' dir='ltr'>septenario</span> <span class='ocrx_word' id='word_1_179' title='bbox 1261 2753 1385 2822; x_wconf 67' lang='lat' dir='ltr'>ridetur,</span> 
     </span>
     <span class='ocr_line' id='line_1_23' title="bbox 276 2850 1385 2931; baseline 0 -19"><span class='ocrx_word' id='word_1_180' title='bbox 276 2855 601 2912; x_wconf 82' lang='grc'><strong>1075-76111111.-</strong></span> <span class='ocrx_word' id='word_1_181' title='bbox 627 2850 728 2931; x_wconf 80' lang='lat' dir='ltr'>Quam</span> <span class='ocrx_word' id='word_1_182' title='bbox 749 2853 859 2930; x_wconf 69' lang='lat' dir='ltr'>mugio,</span> <span class='ocrx_word' id='word_1_183' title='bbox 882 2855 942 2913; x_wconf 92' lang='lat' dir='ltr'>vid.</span> <span class='ocrx_word' id='word_1_184' title='bbox 961 2854 998 2912; x_wconf 88' lang='lat' dir='ltr'>ad</span> <span class='ocrx_word' id='word_1_185' title='bbox 1015 2855 1183 2914; x_wconf 71' lang='grc'><strong>11111157.</strong></span> <span class='ocrx_word' id='word_1_186' title='bbox 1207 2856 1285 2914; x_wconf 85' lang='lat' dir='ltr'>infra</span> <span class='ocrx_word' id='word_1_187' title='bbox 1305 2857 1385 2914; x_wconf 78' lang='grc'><strong>1080.</strong></span> 
     </span>
     <span class='ocr_line' id='line_1_24' title="bbox 273 2953 1387 3034; baseline -0.001 -20"><span class='ocrx_word' id='word_1_188' title='bbox 273 2957 351 3014; x_wconf 82' lang='lat' dir='ltr'>Ante</span> <span class='ocrx_word' id='word_1_189' title='bbox 380 2957 505 3015; x_wconf 85' lang='lat' dir='ltr'>alterurn</span> <span class='ocrx_word' id='word_1_190' title='bbox 533 2954 636 3034; x_wconf 67' lang='lat' dir='ltr'>magis</span> <span class='ocrx_word' id='word_1_191' title='bbox 669 2977 696 3017; x_wconf 87' lang='lat' dir='ltr'>v.</span> <span class='ocrx_word' id='word_1_192' title='bbox 730 2959 809 3018; x_wconf 86' lang='grc'><strong>1075</strong></span> <span class='ocrx_word' id='word_1_193' title='bbox 844 2953 940 3031; x_wconf 83' lang='lat' dir='ltr'>„tam“</span> <span class='ocrx_word' id='word_1_194' title='bbox 978 2960 1116 3016; x_wconf 87' lang='lat' dir='ltr'>omissum</span> <span class='ocrx_word' id='word_1_195' title='bbox 1146 2965 1200 3017; x_wconf 92' lang='lat' dir='ltr'>est.</span> <span class='ocrx_word' id='word_1_196' title='bbox 1230 2989 1268 2998; x_wconf 98' lang='lat'>-</span> <span class='ocrx_word' id='word_1_197' title='bbox 1307 2959 1387 3017; x_wconf 80' lang='grc'><strong>1071.</strong></span> 
     </span>
     <span class='ocr_line' id='line_1_25' title="bbox 273 3055 1387 3138; baseline -0.002 -19"><span class='ocrx_word' id='word_1_198' title='bbox 273 3055 416 3132; x_wconf 71' lang='grc'><strong>1113111113,</strong></span> <span class='ocrx_word' id='word_1_199' title='bbox 440 3059 559 3133; x_wconf 87' lang='lat' dir='ltr'>stultus,</span> <span class='ocrx_word' id='word_1_200' title='bbox 582 3080 702 3138; x_wconf 86' lang='lat' dir='ltr'>pravus,</span> <span class='ocrx_word' id='word_1_201' title='bbox 727 3059 762 3118; x_wconf 82' lang='lat' dir='ltr'>cf.</span> <span class='ocrx_word' id='word_1_202' title='bbox 781 3060 870 3119; x_wconf 90' lang='lat' dir='ltr'>Most.</span> <span class='ocrx_word' id='word_1_203' title='bbox 896 3063 966 3119; x_wconf 81' lang='lat'>203.</span> <span class='ocrx_word' id='word_1_204' title='bbox 994 3063 1083 3120; x_wconf 92' lang='grc'><strong>1117.</strong></span> <span class='ocrx_word' id='word_1_205' title='bbox 1117 3061 1182 3120; x_wconf 81' lang='lat' dir='ltr'>Mil.</span> <span class='ocrx_word' id='word_1_206' title='bbox 1208 3063 1280 3122; x_wconf 87' lang='grc'><strong>736.</strong></span> <span class='ocrx_word' id='word_1_207' title='bbox 1313 3057 1387 3120; x_wconf 82' lang='lat' dir='ltr'>Cure.</span> 
     </span>
     <span class='ocr_line' id='line_1_26' title="bbox 276 3162 1388 3238; baseline -0.004 -16"><span class='ocrx_word' id='word_1_208' title='bbox 276 3166 344 3223; x_wconf 80' lang='lat'>185.</span> <span class='ocrx_word' id='word_1_209' title='bbox 391 3162 478 3222; x_wconf 85' lang='lat' dir='ltr'>Tmo.</span> <span class='ocrx_word' id='word_1_210' title='bbox 504 3165 574 3223; x_wconf 80' lang='lat'>832.</span> <span class='ocrx_word' id='word_1_211' title='bbox 625 3163 835 3238; x_wconf 75' lang='lat' dir='ltr'>acceperant,</span> <span class='ocrx_word' id='word_1_212' title='bbox 867 3163 902 3221; x_wconf 86' lang='lat' dir='ltr'>of.</span> <span class='ocrx_word' id='word_1_213' title='bbox 930 3165 999 3222; x_wconf 91' lang='grc'><strong>111.</strong></span> <span class='ocrx_word' id='word_1_214' title='bbox 1030 3193 1067 3204; x_wconf 90' lang='grc'>-</span> <span class='ocrx_word' id='word_1_215' title='bbox 1106 3165 1186 3223; x_wconf 80' lang='grc'><strong>1077</strong></span> <span class='ocrx_word' id='word_1_216' title='bbox 1221 3166 1388 3224; x_wconf 77' lang='lat' dir='ltr'>octonarius.</span> 
     </span>
     <span class='ocr_line' id='line_1_27' title="bbox 271 3262 1388 3344; baseline -0.003 -19"><span class='ocrx_word' id='word_1_217' title='bbox 271 3263 375 3343; x_wconf 72' lang='grc'><strong>91111113</strong></span> <span class='ocrx_word' id='word_1_218' title='bbox 388 3267 432 3325; x_wconf 90' lang='lat' dir='ltr'>ed.</span> <span class='ocrx_word' id='word_1_219' title='bbox 445 3287 490 3344; x_wconf 89' lang='lat' dir='ltr'>pr.</span> <span class='ocrx_word' id='word_1_220' title='bbox 505 3285 569 3339; x_wconf 77' lang='lat' dir='ltr'>em,</span> <span class='ocrx_word' id='word_1_221' title='bbox 591 3265 702 3324; x_wconf 85' lang='lat' dir='ltr'>Ritsoh.</span> <span class='ocrx_word' id='word_1_222' title='bbox 716 3273 845 3342; x_wconf 87' lang='lat' dir='ltr'>transp.:</span> <span class='ocrx_word' id='word_1_223' title='bbox 873 3267 990 3340; x_wconf 83' lang='lat' dir='ltr'>„gnatis</span> <span class='ocrx_word' id='word_1_224' title='bbox 1001 3262 1120 3342; x_wconf 86' lang='lat' dir='ltr'>uolgo“,</span> <span class='ocrx_word' id='word_1_225' title='bbox 1145 3273 1180 3324; x_wconf 90' lang='lat' dir='ltr'>ut</span> <span class='ocrx_word' id='word_1_226' title='bbox 1197 3269 1388 3344; x_wconf 86' lang='lat' dir='ltr'>septenarium</span> 
     </span>
     <span class='ocr_line' id='line_1_28' title="bbox 273 3368 1388 3446; baseline 0 -20"><span class='ocrx_word' id='word_1_227' title='bbox 273 3371 399 3442; x_wconf 80' lang='lat' dir='ltr'>laceret3</span> <span class='ocrx_word' id='word_1_228' title='bbox 439 3370 507 3428; x_wconf 89' lang='lat' dir='ltr'>hnic</span> <span class='ocrx_word' id='word_1_229' title='bbox 543 3371 622 3426; x_wconf 87' lang='lat' dir='ltr'>enim</span> <span class='ocrx_word' id='word_1_230' title='bbox 656 3371 755 3427; x_wconf 88' lang='lat' dir='ltr'>versui</span> <span class='ocrx_word' id='word_1_231' title='bbox 788 3368 923 3428; x_wconf 86' lang='lat' dir='ltr'>Acidalio</span> <span class='ocrx_word' id='word_1_232' title='bbox 951 3369 1077 3446; x_wconf 83' lang='lat' dir='ltr'>aliisque</span> <span class='ocrx_word' id='word_1_233' title='bbox 1109 3370 1284 3429; x_wconf 89' lang='lat' dir='ltr'>auctoribus</span> <span class='ocrx_word' id='word_1_234' title='bbox 1318 3375 1388 3427; x_wconf 84' lang='lat' dir='ltr'>cnte-</span> 
     </span>
    </p>
   </div>
   <div class='ocr_carea' id='block_1_3' title="bbox 165 3471 1389 3550">
    <p class='ocr_par' dir='ltr' id='par_1_4' title="bbox 165 3471 1389 3550">
     <span class='ocr_line' id='line_1_29' title="bbox 165 3471 1389 3550; baseline 0 -22"><span class='ocrx_word' id='word_1_235' title='bbox 165 3502 172 3516; x_wconf 92' lang='lat'>·</span> <span class='ocrx_word' id='word_1_236' title='bbox 272 3474 373 3550; x_wconf 88' lang='lat' dir='ltr'>posuit</span> <span class='ocrx_word' id='word_1_237' title='bbox 395 3491 422 3530; x_wconf 88' lang='lat' dir='ltr'>v.</span> <span class='ocrx_word' id='word_1_238' title='bbox 450 3474 545 3545; x_wconf 86' lang='grc'><strong>1078,</strong></span> <span class='ocrx_word' id='word_1_239' title='bbox 581 3474 631 3549; x_wconf 90' lang='lat' dir='ltr'>qui</span> <span class='ocrx_word' id='word_1_240' title='bbox 659 3472 732 3530; x_wconf 89' lang='lat' dir='ltr'>mihi</span> <span class='ocrx_word' id='word_1_241' title='bbox 762 3471 881 3548; x_wconf 91' lang='lat' dir='ltr'>quidem</span> <span class='ocrx_word' id='word_1_242' title='bbox 911 3476 974 3530; x_wconf 88' lang='lat' dir='ltr'>tam</span> <span class='ocrx_word' id='word_1_243' title='bbox 1000 3471 1116 3530; x_wconf 90' lang='lat' dir='ltr'>inutilis</span> <span class='ocrx_word' id='word_1_244' title='bbox 1144 3471 1266 3530; x_wconf 86' lang='lat' dir='ltr'>videtur</span> <span class='ocrx_word' id='word_1_245' title='bbox 1298 3491 1389 3530; x_wconf 84' lang='lat' dir='ltr'>versus</span> 
     </span>
    </p>
   </div>
   <div class='ocr_carea' id='block_1_4' title="bbox 230 3574 1390 4475">
    <p class='ocr_par' dir='ltr' id='par_1_5' title="bbox 230 3574 1390 4475">
     <span class='ocr_line' id='line_1_30' title="bbox 277 3574 1390 3652; baseline -0.004 -20"><span class='ocrx_word' id='word_1_246' title='bbox 277 3578 356 3634; x_wconf 90' lang='grc'><strong>1076</strong></span> <span class='ocrx_word' id='word_1_247' title='bbox 380 3576 619 3648; x_wconf 86' lang='lat' dir='ltr'>circumlocutio,</span> <span class='ocrx_word' id='word_1_248' title='bbox 654 3581 689 3633; x_wconf 91' lang='lat' dir='ltr'>ut</span> <span class='ocrx_word' id='word_1_249' title='bbox 715 3594 774 3633; x_wconf 93' lang='lat' dir='ltr'>non</span> <span class='ocrx_word' id='word_1_250' title='bbox 797 3574 930 3633; x_wconf 89' lang='lat' dir='ltr'>dubitem</span> <span class='ocrx_word' id='word_1_251' title='bbox 953 3577 1024 3650; x_wconf 91' lang='lat' dir='ltr'>quin</span> <span class='ocrx_word' id='word_1_252' title='bbox 1047 3576 1166 3652; x_wconf 89' lang='lat' dir='ltr'>spurius</span> <span class='ocrx_word' id='word_1_253' title='bbox 1189 3578 1240 3634; x_wconf 87' lang='lat' dir='ltr'>sit.</span> <span class='ocrx_word' id='word_1_254' title='bbox 1285 3575 1319 3633; x_wconf 90' lang='lat' dir='ltr'>ln</span> <span class='ocrx_word' id='word_1_255' title='bbox 1340 3592 1390 3651; x_wconf 93' lang='lat' dir='ltr'>quo</span> 
     </span>
     <span class='ocr_line' id='line_1_31' title="bbox 273 3673 1390 3754; baseline -0.004 -19"><span class='ocrx_word' id='word_1_256' title='bbox 273 3678 353 3754; x_wconf 88' lang='lat' dir='ltr'>quod</span> <span class='ocrx_word' id='word_1_257' title='bbox 381 3677 448 3737; x_wconf 89' lang='lat' dir='ltr'>edd.</span> <span class='ocrx_word' id='word_1_258' title='bbox 471 3678 606 3736; x_wconf 87' lang='lat' dir='ltr'>Meroero</span> <span class='ocrx_word' id='word_1_259' title='bbox 636 3683 756 3737; x_wconf 88' lang='lat' dir='ltr'>auctore</span> <span class='ocrx_word' id='word_1_260' title='bbox 785 3698 840 3754; x_wconf 90' lang='lat' dir='ltr'>pro</span> <span class='ocrx_word' id='word_1_261' title='bbox 864 3673 936 3737; x_wconf 81' lang='lat' dir='ltr'>decii</span> <span class='ocrx_word' id='word_1_262' title='bbox 960 3675 1045 3750; x_wconf 88' lang='lat' dir='ltr'>„edi“</span> <span class='ocrx_word' id='word_1_263' title='bbox 1071 3685 1254 3754; x_wconf 88' lang='lat' dir='ltr'>posuerunt,</span> <span class='ocrx_word' id='word_1_264' title='bbox 1284 3677 1390 3737; x_wconf 87' lang='lat' dir='ltr'>laudari</span> 
     </span>
     <span class='ocr_line' id='line_1_32' title="bbox 273 3777 1387 3859; baseline -0.004 -20"><span class='ocrx_word' id='word_1_265' title='bbox 273 3801 331 3840; x_wconf 92' lang='lat' dir='ltr'>non</span> <span class='ocrx_word' id='word_1_266' title='bbox 354 3785 468 3858; x_wconf 81' lang='lat' dir='ltr'>potest3</span> <span class='ocrx_word' id='word_1_267' title='bbox 493 3785 603 3839; x_wconf 89' lang='lat' dir='ltr'>maiore</span> <span class='ocrx_word' id='word_1_268' title='bbox 626 3783 691 3839; x_wconf 88' lang='lat' dir='ltr'>iure</span> <span class='ocrx_word' id='word_1_269' title='bbox 713 3801 769 3859; x_wconf 90' lang='lat' dir='ltr'>pro</span> <span class='ocrx_word' id='word_1_270' title='bbox 792 3781 823 3840; x_wconf 79' lang='lat' dir='ltr'>et</span> <span class='ocrx_word' id='word_1_271' title='bbox 844 3777 928 3840; x_wconf 81' lang='lat' dir='ltr'>euim</span> <span class='ocrx_word' id='word_1_272' title='bbox 947 3781 1057 3839; x_wconf 87' lang='lat' dir='ltr'>Parsua</span> <span class='ocrx_word' id='word_1_273' title='bbox 1079 3787 1130 3854; x_wconf 86' lang='lat' dir='ltr'>„at</span> <span class='ocrx_word' id='word_1_274' title='bbox 1149 3779 1259 3853; x_wconf 87' lang='lat' dir='ltr'>enim“,</span> <span class='ocrx_word' id='word_1_275' title='bbox 1282 3777 1387 3838; x_wconf 82' lang='lat' dir='ltr'>Acidal.</span> 
     </span>
     <span class='ocr_line' id='line_1_33' title="bbox 277 3881 1387 3958; baseline -0.004 -17"><span class='ocrx_word' id='word_1_276' title='bbox 277 3883 348 3957; x_wconf 88' lang='lat' dir='ltr'>„sed</span> <span class='ocrx_word' id='word_1_277' title='bbox 371 3881 479 3942; x_wconf 89' lang='lat' dir='ltr'>onim“.</span> <span class='ocrx_word' id='word_1_278' title='bbox 502 3913 545 3924; x_wconf 85' lang='lat'>-</span> <span class='ocrx_word' id='word_1_279' title='bbox 576 3884 666 3943; x_wconf 84' lang='grc'><strong>1070.</strong></span> <span class='ocrx_word' id='word_1_280' title='bbox 701 3883 811 3944; x_wconf 89' lang='lat' dir='ltr'>Versus</span> <span class='ocrx_word' id='word_1_281' title='bbox 839 3888 946 3944; x_wconf 88' lang='lat' dir='ltr'>ceteris</span> <span class='ocrx_word' id='word_1_282' title='bbox 968 3884 1095 3958; x_wconf 81' lang='lat' dir='ltr'>longior.</span> <span class='ocrx_word' id='word_1_283' title='bbox 1141 3883 1256 3942; x_wconf 85' lang='lat' dir='ltr'>Ritsoh.</span> <span class='ocrx_word' id='word_1_284' title='bbox 1283 3885 1387 3956; x_wconf 78' lang='lat' dir='ltr'>,animo</span> 
     </span>
     <span class='ocr_line' id='line_1_34' title="bbox 273 3982 1386 4064; baseline -0.007 -18"><span class='ocrx_word' id='word_1_285' title='bbox 273 3982 346 4046; x_wconf 89' lang='lat' dir='ltr'>suo“</span> <span class='ocrx_word' id='word_1_286' title='bbox 368 3987 500 4046; x_wconf 87' lang='lat' dir='ltr'>scribens</span> <span class='ocrx_word' id='word_1_287' title='bbox 518 3988 548 4045; x_wconf 93' lang='lat' dir='ltr'>in</span> <span class='ocrx_word' id='word_1_288' title='bbox 564 3985 775 4064; x_wconf 89' lang='lat' dir='ltr'>„obsequium“</span> <span class='ocrx_word' id='word_1_289' title='bbox 796 3989 977 4059; x_wconf 84' lang='lat' dir='ltr'>terminarit,</span> <span class='ocrx_word' id='word_1_290' title='bbox 998 3987 1043 4045; x_wconf 84' lang='lat' dir='ltr'>Fl.</span> <span class='ocrx_word' id='word_1_291' title='bbox 1057 3987 1260 4045; x_wconf 86' lang='lat' dir='ltr'>Hermannum</span> <span class='ocrx_word' id='word_1_292' title='bbox 1280 3991 1386 4044; x_wconf 84' lang='lat' dir='ltr'>secutus</span> 
     </span>
     <span class='ocr_line' id='line_1_35' title="bbox 276 4077 1385 4166; baseline -0.005 -17"><span class='ocrx_word' id='word_1_293' title='bbox 276 4111 360 4166; x_wconf 84' lang='lat' dir='ltr'>„me„</span> <span class='ocrx_word' id='word_1_294' title='bbox 385 4095 416 4148; x_wconf 90' lang='lat' dir='ltr'>et</span> <span class='ocrx_word' id='word_1_295' title='bbox 442 4087 542 4164; x_wconf 83' lang='lat' dir='ltr'>,meo“</span> <span class='ocrx_word' id='word_1_296' title='bbox 570 4077 675 4149; x_wconf 80' lang='lat' dir='ltr'>delebis</span> <span class='ocrx_word' id='word_1_297' title='bbox 701 4092 816 4164; x_wconf 88' lang='lat' dir='ltr'>„animo</span> <span class='ocrx_word' id='word_1_298' title='bbox 839 4089 1012 4166; x_wconf 88' lang='lat' dir='ltr'>obsequium</span> <span class='ocrx_word' id='word_1_299' title='bbox 1035 4085 1088 4147; x_wconf 87' lang='lat' dir='ltr'>ut“</span> <span class='ocrx_word' id='word_1_300' title='bbox 1115 4089 1220 4148; x_wconf 91' lang='lat' dir='ltr'>edidit.</span> <span class='ocrx_word' id='word_1_301' title='bbox 1272 4088 1301 4147; x_wconf 85' lang='lat' dir='ltr'>Si</span> <span class='ocrx_word' id='word_1_302' title='bbox 1324 4083 1385 4164; x_wconf 87' lang='lat' dir='ltr'>quid</span> 
     </span>
     <span class='ocr_line' id='line_1_36' title="bbox 272 4189 1385 4267; baseline -0.004 -16"><span class='ocrx_word' id='word_1_303' title='bbox 272 4193 437 4251; x_wconf 88' lang='lat' dir='ltr'>tollendum</span> <span class='ocrx_word' id='word_1_304' title='bbox 457 4199 509 4266; x_wconf 86' lang='lat' dir='ltr'>est,</span> <span class='ocrx_word' id='word_1_305' title='bbox 533 4192 686 4267; x_wconf 86' lang='lat' dir='ltr'>„institni“</span> <span class='ocrx_word' id='word_1_306' title='bbox 706 4194 817 4266; x_wconf 83' lang='lat' dir='ltr'>tollam,</span> <span class='ocrx_word' id='word_1_307' title='bbox 835 4199 870 4251; x_wconf 92' lang='lat' dir='ltr'>ut</span> <span class='ocrx_word' id='word_1_308' title='bbox 884 4193 973 4265; x_wconf 83' lang='lat' dir='ltr'>„dare</span> <span class='ocrx_word' id='word_1_309' title='bbox 992 4213 1038 4250; x_wconf 89' lang='lat' dir='ltr'>me</span> <span class='ocrx_word' id='word_1_310' title='bbox 1057 4189 1178 4251; x_wconf 85' lang='lat' dir='ltr'>ludum“</span> <span class='ocrx_word' id='word_1_311' title='bbox 1200 4192 1237 4250; x_wconf 90' lang='lat' dir='ltr'>ab</span> <span class='ocrx_word' id='word_1_312' title='bbox 1258 4207 1385 4266; x_wconf 85' lang='lat' dir='ltr'>,aequom</span> 
     </span>
     <span class='ocr_line' id='line_1_37' title="bbox 230 4291 1382 4374; baseline -0.009 -19"><span class='ocrx_word' id='word_1_313' title='bbox 230 4291 232 4297; x_wconf 73' lang='grc'><strong>’</strong></span> <span class='ocrx_word' id='word_1_314' title='bbox 273 4293 354 4355; x_wconf 82' lang='lat' dir='ltr'>esse“</span> <span class='ocrx_word' id='word_1_315' title='bbox 381 4297 520 4374; x_wconf 87' lang='lat' dir='ltr'>pendeat.</span> <span class='ocrx_word' id='word_1_316' title='bbox 571 4291 662 4358; x_wconf 80' lang='lat' dir='ltr'>Dure</span> <span class='ocrx_word' id='word_1_317' title='bbox 690 4292 797 4356; x_wconf 72' lang='lat' dir='ltr'>lordum</span> <span class='ocrx_word' id='word_1_318' title='bbox 825 4297 914 4355; x_wconf 88' lang='lat' dir='ltr'>alicui</span> <span class='ocrx_word' id='word_1_319' title='bbox 944 4301 989 4354; x_wconf 89' lang='lat' dir='ltr'>est</span> <span class='ocrx_word' id='word_1_320' title='bbox 1018 4297 1046 4353; x_wconf 91' lang='lat' dir='ltr'>ei</span> <span class='ocrx_word' id='word_1_321' title='bbox 1073 4295 1198 4354; x_wconf 90' lang='lat' dir='ltr'>ludendi</span> <span class='ocrx_word' id='word_1_322' title='bbox 1226 4295 1382 4353; x_wconf 80' lang='lat' dir='ltr'>libertatern</span> 
     </span>
     <span class='ocr_line' id='line_1_38' title="bbox 274 4393 1379 4475; baseline -0.004 -19"><span class='ocrx_word' id='word_1_323' title='bbox 274 4399 449 4473; x_wconf 80' lang='lat' dir='ltr'>concedere,</span> <span class='ocrx_word' id='word_1_324' title='bbox 486 4399 521 4458; x_wconf 82' lang='lat' dir='ltr'>cf.</span> <span class='ocrx_word' id='word_1_325' title='bbox 550 4403 639 4459; x_wconf 86' lang='grc'><strong>1080.</strong></span> <span class='ocrx_word' id='word_1_326' title='bbox 685 4401 749 4458; x_wconf 65' lang='lat' dir='ltr'>(las.</span> <span class='ocrx_word' id='word_1_327' title='bbox 781 4403 829 4458; x_wconf 76' lang='lat'>25.</span> <span class='ocrx_word' id='word_1_328' title='bbox 876 4400 967 4458; x_wconf 88' lang='lat' dir='ltr'>Stich.</span> <span class='ocrx_word' id='word_1_329' title='bbox 998 4401 1067 4475; x_wconf 83' lang='lat' dir='ltr'>Arg.</span> <span class='ocrx_word' id='word_1_330' title='bbox 1092 4403 1120 4457; x_wconf 88' lang='grc'>7.</span> <span class='ocrx_word' id='word_1_331' title='bbox 1167 4399 1239 4456; x_wconf 89' lang='lat' dir='ltr'>Hor.</span> <span class='ocrx_word' id='word_1_332' title='bbox 1264 4393 1379 4457; x_wconf 68' lang='grc'><strong>011111,-</strong></span> 
     </span>
    </p>
   </div>
   <div class='ocr_carea' id='block_1_5' title="bbox 0 0 1462 5006">
    <p class='ocr_par' dir='ltr' id='par_1_6' title="bbox 0 0 1462 5006">
     <span class='ocr_line' id='line_1_39' title="bbox 0 0 1462 5006; baseline 0 0"><span class='ocrx_word' id='word_1_333' title='bbox 0 0 1462 5006; x_wconf 95' lang='lat' dir='ltr'> </span> 
     </span>
    </p>
   </div>
  </div>
 </body>
</html>
