2956 5010
548 491 579 544 v.
601 493 742 546 roseos.
1144 498 1208 560 543

82 684 119 742 ad
140 685 205 744 Att.
230 683 286 758 vl,
311 687 346 758 3,
372 687 404 743 5:
443 685 580 758 „Amicos
602 685 692 744 habet
714 705 810 746 meras
833 683 959 762 nugas“.
1005 687 1043 746 ad
1066 687 1099 758 Q.
1123 689 1159 747 fr.
1183 689 1208 762 I,

82 789 109 860 2,
135 789 170 846 4:
206 807 279 863 „ego
301 807 394 864 unges
417 789 562 846 maximus
586 793 665 848 omni
687 808 752 846 mea
774 791 914 848 comitate
939 789 1108 866 complexus
1132 811 1207 862 sum,

80 889 303 966 Nymphontem
327 892 415 949 etiem
439 889 687 968 Colophonium“.
710 921 753 932 —
776 893 847 952 200.
871 885 992 952 Hodnc
1013 888 1094 968 fieri.
1128 893 1209 950 Pali-

79 1011 172 1050 nurus
195 1013 357 1069 numquam
380 993 548 1054 crediderat
571 993 673 1052 herum
696 1013 781 1052 suum
804 989 1021 1054 immodestum
1043 995 1118 1067 fore,
1142 996 1161 1054 i.
1182 1017 1207 1054 e.

79 1114 186 1170 parum
209 1093 358 1166 decorum,
383 1096 420 1154 cf.
444 1096 534 1154 Poen.
562 1097 636 1154 153:
664 1097 758 1170 „Amo
781 1091 979 1155 inmodeste⁴‘.
1014 1096 1080 1156 Ter.
1100 1097 1208 1155 licent.

81 1199 157 1257 567:
185 1200 233 1272 „in
247 1199 318 1256 uino
331 1217 419 1276 quem
431 1198 616 1256 immodestus
628 1195 744 1258 inisti!“
759 1227 800 1238 -
811 1199 848 1258 ut
869 1198 898 1258 te
919 1194 1100 1270 modereris,
1124 1207 1159 1256 ut
1175 1205 1209 1258 ta

78 1319 180 1374 geras,
214 1320 267 1360 nec
295 1320 350 1376 per
377 1319 408 1358 se
435 1321 490 1359 nec
519 1321 584 1360 cum
613 1301 664 1360 illo
689 1301 836 1360 adiectiro
860 1302 1049 1362 coniunctum
1072 1301 1206 1373 offendit,

77 1397 246 1462 decantem
264 1404 346 1461 nullo
364 1404 452 1462 modo
469 1403 543 1462 ferri
565 1409 673 1482 potest,
697 1423 751 1462 nec
773 1403 911 1474 editores,
936 1406 987 1482 qui
1011 1406 1099 1462 metri
1118 1424 1207 1463 caneo

79 1506 107 1564 te
128 1501 180 1564 hic
202 1507 399 1584 scripserunt,
428 1508 527 1564 sensui
556 1507 782 1580 consuluerunt3
816 1511 869 1564 eut
901 1513 951 1580 „te
979 1504 1044 1565 his“
1078 1507 1208 1566 scriben-

78 1607 148 1666 dum
172 1613 245 1679 erat,
271 1615 324 1666 aut
346 1609 520 1686 simplicIter
545 1607 625 1682 „te“.
671 1608 753 1668 Brix.
776 1609 854 1668 Ann.
878 1609 984 1686 philol.
1009 1608 1056 1682 01,
1079 1631 1109 1687 p.
1129 1611 1207 1670 764:

80 1717 133 1781 „ut
156 1709 340 1768 immodestis
363 1713 550 1787 morigereris
572 1708 747 1782 moribus“,·
761 1712 827 1770 coll.
852 1710 936 1788 Capt.
963 1713 1040 1783 198;
1069 1710 1206 1788 Seyffert.

77 1813 226 1890 Philolog.
250 1813 361 1886 XXIX,
383 1835 413 1892 p.
440 1815 515 1872 386:
553 1820 606 1888 „ut
634 1813 819 1872 immodestis
847 1814 907 1872 tuis
936 1813 1100 1872 modereris
1130 1809 1208 1887 m.“;

76 1916 157 1993 quod
182 1917 297 1992 siquis
321 1916 443 1994 probat,
475 1935 593 1976 necesse
618 1923 663 1974 est
685 1937 750 1975 cum
773 1916 918 1989 Lucheio,
943 1915 1043 1975 Herm.
1068 1915 1152 1988 VIII,
1176 1939 1208 1995 p.

79 2021 138 2078 116
163 2019 290 2078 scribat:
319 2019 444 2092 „Potine
461 2019 536 2092 fieri,
561 2015 626 2078 ut“.
647 2049 682 2058 -
705 2021 776 2078 201.
801 2011 994 2090 Modestum,
1019 2020 1081 2076 eive
1103 2019 1207 2078 mode·

75 2129 185 2193 retum,
209 2127 371 2181 amatorem
395 2123 420 2178 si
443 2121 516 2181 mihi
535 2121 756 2191 monstraveris,
781 2140 853 2180 euro
871 2120 1043 2197 expendam,
1067 2121 1103 2180 ct.
1116 2121 1206 2198 Epid.

76 2227 154 2284 407:
191 2243 269 2298 „non
293 2231 394 2282 castret
417 2244 489 2282 euro
512 2220 647 2282 contro“.
688 2223 806 2282 Trucnl.
832 2225 908 2283 535:
935 2223 1026 2298 „mihi
1049 2225 1109 2282 iem
1133 2243 1209 2283 auro

76 2335 183 2386 contra
200 2333 318 2386 constat
335 2322 445 2385 filius“.
477 2325 584 2384 Pseud.
600 2327 675 2385 692:
705 2325 890 2398 ,aurichalco
908 2331 1012 2384 contra
1027 2345 1087 2384 non
1107 2345 1207 2386 carum

74 2429 165 2490 fuic‘.
200 2429 264 2488 Mil.
291 2431 366 2488 659:
395 2428 493 2502 ,Cedo
516 2431 572 2486 tris
596 2430 636 2486 mi
660 2429 795 2487 homines
819 2429 988 2488 aurichalco
1011 2435 1116 2488 contre
1139 2449 1204 2488 cum

76 2535 143 2592 istie
164 2529 330 2592 moribus“.
370 2531 410 2591 ib.
428 2533 524 2590 1069:
552 2531 685 2606 „Contra
702 2549 774 2589 euro
797 2531 849 2590 alii
871 2531 946 2592 hanc
968 2532 1099 2591 uendere
1121 2534 1208 2610 potui

76 2633 232 2714 operem“.
267 2629 491 2694 Aurdchalcam
509 2639 608 2692 entem
623 2629 680 2710 (sic
693 2636 771 2692 enim
783 2633 910 2694 Romani
922 2635 1037 2712 antiqui
1050 2635 1210 2712 ὀρείχαλκον

75 2734 232 2810 dicebant)
268 2737 402 2816 quamvis
432 2741 496 2796 anri
525 2739 653 2812 pretium
684 2757 742 2795 non
776 2743 886 2814 aeqnet,
920 2743 1022 2796 umen
1053 2744 1083 2796 ot
1109 2739 1207 2816 ipsum

76 2843 244 2918 pretiosum
268 2845 323 2898 est.
368 2839 527 2900 Palinurus
557 2859 616 2898 non
645 2839 781 2916 eugendo
810 2839 914 2898 herum
937 2842 1045 2913 vincit,
1080 2841 1132 2898 sed
1155 2860 1207 2899 va·

76 2944 184 3003 risndo
208 2941 362 3001 auditores
386 2942 523 3002 delectat.
569 2943 610 3001 Ut
634 2943 684 3000 ille
708 2941 875 3000 modestum
899 2948 1071 3015 amatorem,
1094 2944 1138 3002 ita
1159 2941 1209 3000 hic

77 3066 183 3106 eanum
208 3045 313 3104 herum
337 3044 393 3102 sibi
416 3027 649 3121 optat—¹204.
672 3041 844 3104 Aedituum
867 3041 989 3120 aporire
1012 3044 1096 3104 codd.
1121 3064 1206 3120 asyn-

76 3150 148 3208 deto
180 3150 301 3206 minime
330 3147 469 3219 ferend03
504 3146 602 3206 Guiet.
638 3145 900 3224 ,AEdituumque“,
934 3167 972 3206 ne
1001 3147 1057 3206 hcc
1085 3146 1206 3223 quidem

74 3257 178 3330 epte;v
199 3251 285 3309 Both.
312 3252 431 3325 „sonitu
454 3256 484 3308 et
507 3247 660 3327 crepitu“,
691 3249 771 3328 quod
800 3249 879 3326 apud
910 3250 1000 3308 elium
1030 3249 1206 3327 scriptorem

74 3355 254 3432 probarem,
290 3373 307 3410 a
336 3353 475 3412 Plautina
502 3353 691 3430 simplicitate
721 3353 870 3411 abhorret.
926 3351 988 3410 I'l.:
1028 3351 1205 3424 ,Aedituum

74 3458 178 3516 fanum
201 3458 319 3535 aperire
342 3456 482 3514 arbitror.
527 3455 578 3515 set
601 3452 747 3533 quaeso“;
783 3454 927 3531 Seyffert,
950 3454 1058 3516 Philol.
1081 3453 1205 3527 XXVII,

73 3581 104 3638 p.
138 3561 215 3618 443:
254 3558 434 3633 „Aeditnum
463 3561 579 3636 operire
607 3579 676 3617 reor
704 3555 837 3617 fenum“.
881 3558 943 3616 Nos
972 3576 1037 3615 cum
1067 3556 1205 3616 GertnIo:

77 3662 261 3738 „Aeditunm
293 3663 425 3721 arbitror
452 3663 569 3738 aperire
598 3659 730 3734 fanum“,
771 3663 880 3718 omisso
909 3675 1083 3738 quousque,
1124 3659 1205 3736 quod

75 3769 252 3842 corruptum
276 3784 340 3822 esse
363 3770 502 3841 apparet,
538 3783 598 3822 non
626 3771 688 3822 tem
718 3765 788 3841 quia
811 3763 944 3822 abundat
967 3777 1103 3838 semper,
1136 3781 1205 3820 nem

74 3867 188 3926 similia
210 3862 335 3925 forsitan
364 3867 498 3925 invenire
525 3867 654 3943 possint,
685 3886 712 3926 v.
738 3867 775 3924 ad
797 3867 880 3926 Asin.
906 3868 981 3938 779,
1018 3885 1105 3942 quem
1135 3865 1206 3940 quia

74 3989 253 4047 responsum
281 3989 340 4028 non
368 3969 512 4046 temporis
536 3969 666 4046 spatium
694 3969 821 4042 Indicat,
856 3969 907 4028 sed
937 3969 1113 4046 simpliciter
1141 3985 1204 4023 rem

74 4078 176 4149 negat,
201 4072 282 4150 quod
307 4077 405 4132 autem
428 4092 483 4150 pro
506 4065 643 4130 Minime
666 4070 760 4150 Gepp.
785 4074 913 4148 scripsit,
947 4065 1121 4144 „Minimo“,
1144 4088 1205 4126 non

75 4183 122 4236 est
144 4175 294 4234 Latinum.
343 4170 539 4250 ,Quousque“
573 4193 609 4231 ex
630 4175 766 4249 proximo
789 4174 879 4233 verbo
903 4175 981 4232 male
1004 4174 1082 4231 lecto
1106 4175 1204 4229 ortum

74 4279 205 4338 videtur.
248 4277 326 4337 Olim
349 4278 546 4336 coniecerem:
586 4277 732 4350 ,Aedituo
755 4279 908 4352 aperiente
937 4277 1048 4334 fenum.
1093 4273 1204 4350 Usque,

75 4400 197 4458 quaeso,
223 4381 259 4440 ed
276 4380 355 4440 hunc
371 4377 523 4438 modnm“.
541 4407 583 4418 -
607 4380 678 4438 205.
701 4377 838 4452 utemur,
863 4377 963 4437 Guiet.
987 4397 1043 4436 em.
1066 4407 1108 4416 -
1132 4377 1205 4435 206.
