2922 5006
253 509 318 570 272
742 505 894 561 Aulularia.

251 701 433 778 septenariis
455 699 615 759 trochaicis
634 701 753 772 similes,
777 699 858 776 quod
876 700 970 780 altera
987 701 1057 778 pars
1075 722 1176 761 versus
1194 703 1257 762 fere
1280 705 1377 762 eadem

251 805 303 875 sit,
332 803 384 861 sed
412 808 443 862 et
469 803 571 878 priore
601 808 686 880 perte
708 801 784 860 nihil
806 803 867 861 fere
890 823 908 862 e
929 823 1019 880 prosa
1041 809 1177 864 oratione
1200 805 1375 878 differentes,

252 911 286 964 et
307 923 344 963 na
367 908 398 963 in
420 905 473 964 illo
496 903 629 981 quidem,
664 925 751 981 quem
774 904 915 978 diximus,
946 906 1098 966 trochaico
1128 909 1210 966 exitu
1234 908 1292 967 sibi
1314 930 1376 968 con·

254 1012 379 1080 etentes,
402 1011 436 1065 ut
451 1026 555 1065 versus
572 1006 753 1081 distinguere
770 1006 977 1066 difficillimum
995 1029 1048 1068 nec
1066 1010 1103 1068 ab
1114 1011 1176 1069 ullo
1190 1011 1307 1070 editore
1318 1016 1375 1070 tsn-

250 1115 350 1168 tetum
373 1129 447 1186 opus
469 1110 518 1168 sit.
561 1107 686 1168 Omnino
703 1111 823 1186 poetice
841 1129 888 1168 ars
906 1115 1070 1190 perexigua
1088 1113 1174 1186 inest,
1199 1134 1376 1190 quemquam

251 1212 383 1289 aequales
400 1211 533 1270 fabulam
545 1210 650 1270 Plauto
667 1233 728 1270 non
739 1211 892 1286 indignam
904 1212 1081 1274 habuerunt.
1127 1214 1249 1274 Servius
1261 1217 1376 1292 quidem

254 1316 274 1373 l.
297 1315 317 1372 l.
342 1313 503 1386 Querulum
525 1313 632 1372 Plauto
655 1315 803 1391 assignat,
835 1319 947 1374 etune
970 1337 1036 1374 cum
1059 1315 1206 1376 Plautinis
1230 1317 1375 1376 oomoediis

255 1417 405 1494 descripte
423 1421 468 1475 est
483 1419 514 1476 in
533 1416 597 1476 cod.
618 1415 916 1478 Palatino-Vaticano
938 1417 1018 1476 1615
1039 1413 1108 1493 (Β),
1131 1419 1183 1477 ubi
1201 1421 1292 1476 etiam
1312 1420 1374 1476 Am-

253 1519 446 1596 phitruonem
470 1519 626 1578 antecedit.
679 1519 736 1577 Pro
758 1519 898 1578 Plautina
926 1522 1027 1598 itaque
1055 1521 1225 1580 habuerunt
1248 1523 1375 1600 proximu

251 1623 377 1695 saecula,
408 1621 571 1698 habuitque
593 1621 700 1680 Vitslis
727 1622 792 1694 ille,
828 1625 879 1699 qui
907 1629 942 1682 ut
963 1621 1212 1699 Amphitruonem
1241 1619 1292 1701 (de
1320 1643 1374 1701 qus

253 1725 313 1784 vid.
338 1725 395 1784 vol.
419 1724 442 1796 1,
471 1745 500 1802 p.
525 1721 599 1797 230)
636 1725 678 1782 ita
706 1722 866 1796 Querolum
893 1745 947 1784 suo
975 1745 1057 1784 more
1085 1727 1224 1803 elegiacis
1246 1727 1373 1786 versibus

250 1829 403 1900 tractarit,
427 1832 461 1885 ut
483 1827 547 1903 ipse
571 1827 614 1884 sit
636 1827 667 1884 in
691 1832 823 1885 extremo
847 1829 986 1905 prologo:

382 1929 452 1989 Hoec
475 1947 542 1986 mee
564 1929 612 1987 vel
635 1927 732 1986 Plauti
755 1931 898 1989 comoedis
919 1951 1028 1990 nomen
1051 1931 1088 1988 ab
1112 1931 1172 1989 olle

457 2029 575 2102 Traxit3
599 2030 652 2090 sed
674 2029 773 2088 Plauti
797 2052 862 2108 quae
886 2032 951 2106 fuit,
975 2033 1027 2090 ille
1050 2049 1115 2092 meu
1136 2039 1191 2092 551.

381 2134 504 2193 Curtavi
527 2133 683 2208 Plautum3
706 2133 845 2192 Plautum
868 2135 930 2194 haec
952 2137 1069 2194 iactura
1091 2136 1208 2209 beavit;

457 2236 499 2296 Ut
521 2237 641 2313 plueest
664 2235 795 2307 Plautus,
820 2239 932 2315 scripta
955 2237 1063 2296 Vitslis
1087 2243 1198 2298 emunt.

379 2338 580 2416 Amphitryon
604 2357 707 2414 nuper,
731 2359 809 2396 nunc
833 2319 987 2398 Aulularia
1009 2339 1129 2399 tandem
1199 2383 1200 2387 ,

458 2441 622 2499 Senserunt
644 2442 725 2498 senio
748 2461 853 2518 presso
876 2441 982 2500 Vitslis
1004 2461 1101 2520 opem.

338 2542 497 2615 Querolum
531 2543 645 2620 primus
679 2542 773 2602 edidit
800 2544 832 2602 P.
862 2543 968 2602 Daniel
997 2543 1247 2623 Parisii,s·1564;
1272 2545 1367 2604 deinde

247 2635 449 2706 Gommslinus
479 2665 504 2702 u.
540 2645 619 2702 1595
655 2643 758 2703 addito
792 2649 881 2704 etism
915 2645 1023 2704 Vitalis
1062 2653 1225 2724 poemate;
1269 2649 1366 2707 Peneus

249 2753 348 2806 sutem
390 2750 545 2824 „quumvis
584 2745 852 2826 hypobolimseum“
896 2748 1042 2808 Plautinis
1083 2749 1191 2808 fabulis
1232 2751 1364 2810 adiunxit.

136 2845 140 2854 '
249 2849 353 2928 Nuper
389 2849 593 2922 „Aululariam
622 2852 684 2908 sive
714 2844 892 2920 Querolum“
926 2857 1063 2910 accurate
1095 2851 1190 2912 edidit
1213 2855 1248 2913 R.
1272 2854 1365 2929 Peiper

250 2953 333 3029 Lips.
361 2954 452 3012 1875.

336 3055 395 3114 Sed
427 3060 461 3114 ut
494 3055 533 3112 sd
566 3053 705 3112 Plautum
739 3055 833 3130 ipsum
865 3059 1057 3130 revertamur,
1074 3125 1076 3128 Ι
1093 3057 1281 3118 Aululariam
1311 3061 1364 3116 eius

248 3141 432 3217 recentiores
445 3163 573 3234 'qnoque
596 3161 693 3234 poetis
717 3176 775 3214 non
798 3159 886 3233 pauci
908 3158 1019 3216 imitati
1042 3165 1121 3218 sunt.
1166 3161 1230 3220 Iam
1247 3181 1272 3219 a.
1295 3161 1362 3220 1535

246 3259 424 3320 Germanica
442 3280 558 3318 versam
577 3279 640 3317 esse
658 3253 752 3317 tradit
769 3259 941 3335 Lessingius
966 3258 1136 3335 (Schriften,
1154 3283 1182 3322 v.
1195 3263 1363 3332 Lachmann,

247 3362 301 3435 Ill,
325 3362 354 3423 S.
379 3357 443 3440 22).
499 3362 544 3420 Ex
571 3361 727 3421 Aulularia
748 3361 879 3420 Josnnes
901 3361 1040 3438 Baptista
1062 3363 1142 3424 Gelli
1171 3367 1202 3423 in
1233 3365 1362 3433 fabulam,

246 3483 314 3540 quse
351 3464 413 3538 „La
442 3461 568 3540 Sports“
605 3463 723 3535 dicitur,
759 3461 919 3522 Florentiae
954 3485 1031 3525 anno
1070 3468 1149 3527 1543
1185 3474 1281 3526 actam
1313 3487 1362 3524 non

245 3585 343 3644 pauca
358 3567 529 3640 transtulit,
553 3566 682 3626 Molierii
701 3570 799 3626 sutem
818 3567 933 3624 Avarus
953 3563 1099 3646 (l’Avare)
1118 3571 1209 3645 vulgo
1227 3573 1360 3628 5515551.

248 3667 305 3740 Qui
334 3667 415 3744 quod
444 3689 534 3728 avaro
563 3669 674 3726 homini
708 3686 815 3726 nomen
844 3669 987 3744 imposuit
1014 3671 1218 3749 Herpsgonis,
1252 3674 1304 3731 hoc
1333 3688 1361 3727 er

245 3768 340 3829 Codri
356 3768 445 3829 Urcei
461 3772 678 3849 supplementis
695 3771 838 3847 sumpsit,
863 3769 914 3829 ubi
936 3791 964 3830 r.
984 3774 1024 3832 26
1048 3793 1112 3851 sqq.
1136 3773 1198 3834 hec
1220 3777 1358 3852 leguntur:

250 3871 400 3948 „Tenaces
423 3874 546 3932 nimium
569 3872 705 3930 dominos
727 3877 831 3930 nostre
853 3876 928 3931 aetss
950 3875 1033 3947 tulit,
1064 3876 1145 3948 Quos
1163 3877 1358 3956 'harpagones

247 3976 396 4054 Harpyias
430 3983 462 4033 51
494 3975 639 4034 Tantalos
668 3973 779 4032 Vocare
811 3972 923 4034 soleo‘.
980 3977 1112 4037 Molierii
1145 3984 1244 4038 eutem
1271 3976 1354 4037 sctl

243 4098 326 4138 scen.
352 4081 368 4137 3
393 4097 555 4154 compares,
579 4079 604 4136 si
625 4077 733 4154 placet,
758 4096 822 4134 curn
845 4075 944 4136 Plauti
967 4098 995 4138 v.
1015 4082 1054 4138 40
1074 4099 1139 4158 sqq.
1162 4087 1192 4140 et
1217 4083 1274 4140 627
1291 4097 1354 4154 sqq.¹

247 4186 306 4240 act.
330 4183 348 4239 4
373 4201 450 4240 scen.
470 4183 488 4238 7
513 4199 578 4238 cum
601 4199 630 4240 v.
649 4179 709 4236 705
733 4197 808 4254 sqq,
832 4183 926 4236 5515
950 4201 1026 4240 scen.
1048 4183 1066 4239 2
1090 4184 1156 4242 init.
1174 4203 1240 4242 curu
1261 4203 1285 4240 v.
1303 4179 1354 4239 390

242 4303 328 4360 sqq,
359 4289 408 4342 oct
433 4288 454 4344 5.
473 4301 551 4342 scen.
565 4284 593 4340 3
618 4303 683 4342 cum
706 4305 733 4344 r.
759 4287 818 4344 723
844 4305 909 4361 sqq.
965 4283 1055 4362 Apud
1084 4283 1213 4344 Batavos
1246 4279 1354 4342 celebris
