2960 5012
801 526 894 581 Plauti

682 749 1015 868 euomossmmir.

288 955 384 1035 Perii,
407 955 528 1035 interii,
552 955 664 1021 occidi.
708 955 778 1034 Quo
796 957 948 1022 currum?
971 978 1035 1042 quo
1053 978 1120 1022 non
1138 957 1291 1022 curram?
1313 955 1392 1036 Tene,

953 1072 1038 1130 tene.
1080 1063 1193 1144 Quem,
1217 1086 1307 1148 quos,
1354 1083 1394 1137 tot

288 1171 422 1254 Nescio;
455 1173 539 1237 nihil
562 1173 674 1254 uideo;
709 1193 826 1238 caecus
849 1193 897 1253 ec,
926 1180 1024 1258 utque
1048 1173 1209 1256 equidem,
1239 1197 1301 1259 quo
1329 1197 1394 1254 eam,

948 1289 1006 1346 eut
1025 1282 1081 1347 ubi
1101 1285 1172 1362 sim,
1194 1291 1252 1349 aut
1272 1285 1325 1365 qui
1337 1285 1392 1362 sim,

286 1391 421 1471 Nequeo
445 1410 519 1454 cum
541 1390 650 1454 animo
674 1397 800 1455 certum
822 1391 1031 1474 inuestigare.
1084 1389 1229 1456 Obsecro
1258 1414 1316 1457 uos
1337 1414 1393 1475 ego,
1455 1433 1456 1445 ,

953 1499 1033 1563 mihi
1056 1501 1190 1580 auxilio,

287 1607 352 1673 Oro
376 1606 538 1686 obtestor,
562 1607 633 1672 sitis
659 1613 691 1671 et
714 1607 877 1672 hominem
901 1607 1138 1688 demonstretis,
1162 1609 1218 1693 qui
1242 1629 1311 1672 eam
1333 1607 1395 1671 abs·
1452 1632 1457 1691 t

952 1717 1077 1782 tulerit.

288 1823 373 1901 Quid
396 1829 464 1904 ost,
495 1823 584 1906 quod
605 1823 743 1889 ridetis?
787 1821 873 1887 Noui
896 1826 1016 1906 omnis;
1047 1825 1123 1905 scio,
1152 1825 1243 1890 fures
1266 1843 1333 1888 esse
1352 1821 1395 1885 hic

953 1933 1140 2016 compluris,
1227 1987 1231 1994 .

286 2041 350 2119 Qui
373 2043 499 2106 uestitu
525 2047 558 2106 et
583 2047 674 2105 creta
691 2041 860 2106 occultant
877 2063 949 2106 sese
967 2047 1066 2126 atque
1084 2042 1209 2122 sedent,
1234 2042 1325 2124 quasi
1342 2041 1395 2102 sint

952 2149 1048 2232 frugi.
1354 2163 1396 2216 71⁰

288 2258 373 2338 Quid
396 2259 445 2323 ais
467 2259 526 2323 tu'?
560 2257 634 2322 Tibi
657 2257 790 2323 credere
815 2263 987 2338 certumst,
1009 2280 1086 2323 nem
1110 2259 1338 2336 essebonum,
1364 2277 1395 2319 ex

286 2377 289 2384 ’
954 2368 1048 2432 uoltu
1072 2389 1245 2451 cognosco.

287 2476 357 2556 Em,
379 2495 474 2540 nemo
497 2474 597 2540 hebet
619 2475 758 2540 horum?
790 2475 958 2540 Occidisti.
993 2477 1053 2541 Dic
1074 2477 1182 2560 igitur,
1205 2477 1278 2558 quis
1299 2475 1393 2540 habet.

952 2584 1088 2650 Nescis?

285 2690 360 2756 Heu
386 2711 437 2755 me
464 2691 635 2755 miserum!
670 2692 789 2755 misere
816 2693 915 2776 perii,
949 2694 1034 2757 mele
1062 2695 1227 2776 perditus,
1259 2708 1395 2776 pessume

954 2805 1091 2863 ornatus
1115 2820 1169 2878 eo,

287 2907 429 2972 Tantum
454 2908 569 2990 gemiti
597 2913 631 2972 et
658 2908 765 2972 malae
794 2909 980 2974 moestitiae
1008 2908 1088 2972 mihi
1115 2909 1169 2972 hic
1193 2909 1261 2974 dies
1284 2907 1396 2991 optulit,

950 3017 1070 3081 famem
1093 3023 1126 3082 et
1147 3017 1342 3101 pauperiem.

284 3125 541 3191 Perditissumus
564 3147 625 3210 ego
648 3147 720 3191 sum
743 3127 887 3190 omnium
1356 3135 1396 3189 715

284 3235 323 3299 In
345 3241 445 3300 terre.
490 3233 575 3300 Nom
598 3235 677 3318 quid
699 3235 779 3300 mihi
803 3241 902 3319 opust
924 3235 1003 3312 uita,
1028 3235 1085 3317 qui
1107 3239 1237 3298 tontum
1260 3234 1328 3298 ouri

284 3343 425 3422 Perdidi,
450 3343 539 3424 quod
561 3343 788 3410 concustodiui
811 3343 951 3408 sedulo?
981 3343 1119 3424 Egomet
1142 3363 1193 3406 me
1217 3336 1396 3406 defraudari

284 3453 502 3534 Animumque
520 3473 629 3516 meum
651 3453 847 3535 geniumque
869 3473 986 3516 meum.
1021 3449 1114 3514 Nunc
1138 3451 1219 3514 odeo
1243 3450 1298 3514 alii
1314 3445 1395 3512 laeti·

952 3557 1094 3623 ficentur
1202 3634 1206 3642 Ι

285 3667 359 3732 Meo
383 3667 501 3732 damno
526 3674 559 3734 et
581 3667 679 3734 mulo.
724 3667 798 3734 Pati
820 3688 958 3750 nequeo.

356 3947 445 4002 otoo
459 3947 571 4002 addimur
588 3945 789 4000 LICONIDES
809 3943 1049 4000 ADOLESCENS
1093 3947 1145 3998 705
1163 3963 1245 4014 quem
1264 3944 1321 4014 quis
1354 3937 1397 3990 706

284 4034 320 4088 ab
337 4033 476 4102 Equidem
493 4048 580 4087 novus
597 4049 693 4087 verm
709 4033 808 4100 incopit
875 4033 1006 4100 tesquis
1083 4033 1134 4085 709
1152 4032 1253 4100 ἱερέων
1266 4035 1327 4098 poet
1342 4027 1393 4080 711.

285 4121 334 4171 ⁷11
355 4125 383 4173 et
401 4119 481 4172 uoltu
550 4119 754 4172 memineram
772 4117 906 4170 miserum
923 4118 996 4186 perii
1074 4119 1126 4170 714
1144 4117 1232 4186 gemit
1248 4121 1277 4170 te
1295 4108 1394 4168 etmali

283 4206 425 4259 mestitiae
442 4205 488 4258 hic
507 4203 565 4256 dies
584 4203 653 4256 mihi
723 4203 774 4256 ’718
793 4203 874 4256 Nunc
893 4221 926 4258 eo
946 4204 991 4256 elii

1457 2290 1459 2411 t
