<?xml version="1.0" encoding="UTF-8"?>
<!DOCTYPE html PUBLIC "-//W3C//DTD XHTML 1.0 Transitional//EN"
    "http://www.w3.org/TR/xhtml1/DTD/xhtml1-transitional.dtd">
<html xmlns="http://www.w3.org/1999/xhtml" xml:lang="en" lang="en">
 <head>
  <title>
</title>
<meta http-equiv="Content-Type" content="text/html;charset=utf-8" />
  <meta name='ocr-system' content='tesseract 3.04.00' />
  <meta name='ocr-capabilities' content='ocr_page ocr_carea ocr_par ocr_line ocrx_word'/>
</head>
<body>
  <div class='ocr_page' id='page_1' title='image "./tmacciiplautico00ussigoog_0312.png"; bbox 0 0 2932 5010; ppageno 0'>
   <div class='ocr_carea' id='block_1_1' title="bbox 544 561 1201 632">
    <p class='ocr_par' dir='ltr' id='par_1_1' title="bbox 544 561 1201 632">
     <span class='ocr_line' id='line_1_1' title="bbox 544 561 1201 632; baseline 0.005 -16"><span class='ocrx_word' id='word_1_1' title='bbox 544 561 576 616; x_wconf 85' lang='lat' dir='ltr'><strong>r.</strong></span> <span class='ocrx_word' id='word_1_2' title='bbox 599 565 741 618; x_wconf 80' lang='lat' dir='ltr'><strong>roe-192.</strong></span> <span class='ocrx_word' id='word_1_3' title='bbox 1139 570 1201 632; x_wconf 81' lang='lat'><strong>293</strong></span> 
     </span>
    </p>
   </div>
   <div class='ocr_carea' id='block_1_2' title="bbox 11 754 1203 4516">
    <p class='ocr_par' dir='ltr' id='par_1_2' title="bbox 11 754 1203 4516">
     <span class='ocr_line' id='line_1_2' title="bbox 83 754 1201 836; baseline 0.007 -24"><span class='ocrx_word' id='word_1_4' title='bbox 83 773 147 813; x_wconf 81' lang='lat' dir='ltr'><strong>oum</strong></span> <span class='ocrx_word' id='word_1_5' title='bbox 165 755 257 814; x_wconf 82' lang='lat' dir='ltr'><strong>Herio</strong></span> <span class='ocrx_word' id='word_1_6' title='bbox 273 777 328 834; x_wconf 91' lang='lat' dir='ltr'><strong>pro</strong></span> <span class='ocrx_word' id='word_1_7' title='bbox 347 754 427 817; x_wconf 82' lang='lat' dir='ltr'><strong>eatis</strong></span> <span class='ocrx_word' id='word_1_8' title='bbox 444 777 500 818; x_wconf 84' lang='lat' dir='ltr'><strong>ser.</strong></span> <span class='ocrx_word' id='word_1_9' title='bbox 522 756 621 832; x_wconf 80' lang='lat' dir='ltr'><strong>„set“;</strong></span> <span class='ocrx_word' id='word_1_10' title='bbox 644 758 737 817; x_wconf 83' lang='lat' dir='ltr'><strong>Koch.</strong></span> <span class='ocrx_word' id='word_1_11' title='bbox 757 761 787 817; x_wconf 88' lang='lat' dir='ltr'><strong>in</strong></span> <span class='ocrx_word' id='word_1_12' title='bbox 804 759 881 818; x_wconf 87' lang='lat' dir='ltr'><strong>Anu.</strong></span> <span class='ocrx_word' id='word_1_13' title='bbox 894 760 968 836; x_wconf 86' lang='lat' dir='ltr'><strong>phil.</strong></span> <span class='ocrx_word' id='word_1_14' title='bbox 981 757 1069 832; x_wconf 74' lang='grc' dir='ltr'>(ΝΗ,</span> <span class='ocrx_word' id='word_1_15' title='bbox 1092 779 1121 836; x_wconf 87' lang='lat' dir='ltr'><strong>p.</strong></span> <span class='ocrx_word' id='word_1_16' title='bbox 1141 761 1201 820; x_wconf 86' lang='grc'><strong>840</strong></span> 
     </span>
     <span class='ocr_line' id='line_1_3' title="bbox 86 851 1200 939; baseline 0.007 -25"><span class='ocrx_word' id='word_1_17' title='bbox 86 851 368 918; x_wconf 61' lang='grc'><strong>5524515541.-</strong></span> <span class='ocrx_word' id='word_1_18' title='bbox 393 861 462 918; x_wconf 82' lang='lat'>181.</span> <span class='ocrx_word' id='word_1_19' title='bbox 480 857 648 935; x_wconf 74' lang='lat' dir='ltr'><strong>perspicue</strong></span> <span class='ocrx_word' id='word_1_20' title='bbox 665 856 775 936; x_wconf 81' lang='lat' dir='ltr'><strong>palam</strong></span> <span class='ocrx_word' id='word_1_21' title='bbox 796 862 851 934; x_wconf 71' lang='lat' dir='ltr'><strong>eut,</strong></span> <span class='ocrx_word' id='word_1_22' title='bbox 876 861 912 921; x_wconf 79' lang='lat' dir='ltr'><strong>of.</strong></span> <span class='ocrx_word' id='word_1_23' title='bbox 936 861 975 920; x_wconf 80' lang='lat' dir='ltr'><strong>nd</strong></span> <span class='ocrx_word' id='word_1_24' title='bbox 996 862 1103 939; x_wconf 78' lang='lat' dir='ltr'><strong>Amph.</strong></span> <span class='ocrx_word' id='word_1_25' title='bbox 1130 864 1200 922; x_wconf 83' lang='lat'>651.</span> 
     </span>
     <span class='ocr_line' id='line_1_4' title="bbox 83 957 1201 1040; baseline 0.005 -22"><span class='ocrx_word' id='word_1_26' title='bbox 83 961 215 1019; x_wconf 86' lang='grc'><strong>-182,</strong></span> <span class='ocrx_word' id='word_1_27' title='bbox 246 957 342 1033; x_wconf 80' lang='lat' dir='ltr'><strong>domi,</strong></span> <span class='ocrx_word' id='word_1_28' title='bbox 371 963 391 1020; x_wconf 91' lang='lat' dir='ltr'><strong>i.</strong></span> <span class='ocrx_word' id='word_1_29' title='bbox 415 981 440 1020; x_wconf 90' lang='lat' dir='ltr'><strong>e.</strong></span> <span class='ocrx_word' id='word_1_30' title='bbox 463 981 554 1040; x_wconf 89' lang='lat' dir='ltr'><strong>quum</strong></span> <span class='ocrx_word' id='word_1_31' title='bbox 578 963 696 1022; x_wconf 90' lang='lat' dir='ltr'><strong>domum</strong></span> <span class='ocrx_word' id='word_1_32' title='bbox 724 981 842 1022; x_wconf 86' lang='lat' dir='ltr'><strong>venero.</strong></span> <span class='ocrx_word' id='word_1_33' title='bbox 872 991 914 1004; x_wconf 90' lang='lat'>-</span> <span class='ocrx_word' id='word_1_34' title='bbox 945 965 1014 1024; x_wconf 82' lang='lat'>184.</span> <span class='ocrx_word' id='word_1_35' title='bbox 1041 960 1201 1040; x_wconf 71' lang='lat' dir='ltr'><strong>praedem,</strong></span> 
     </span>
     <span class='ocr_line' id='line_1_5' title="bbox 83 1061 1202 1143; baseline 0.005 -24"><span class='ocrx_word' id='word_1_36' title='bbox 83 1061 222 1121; x_wconf 77' lang='lat' dir='ltr'><strong>edultum.</strong></span> <span class='ocrx_word' id='word_1_37' title='bbox 256 1062 469 1122; x_wconf 77' lang='lat' dir='ltr'><strong>CiuinPison.</strong></span> <span class='ocrx_word' id='word_1_38' title='bbox 484 1063 533 1138; x_wconf 88' lang='grc'><strong>36,</strong></span> <span class='ocrx_word' id='word_1_39' title='bbox 548 1067 604 1124; x_wconf 78' lang='lat'><strong>87:</strong></span> <span class='ocrx_word' id='word_1_40' title='bbox 637 1065 778 1142; x_wconf 74' lang='lat' dir='ltr'><strong>„grundis</strong></span> <span class='ocrx_word' id='word_1_41' title='bbox 794 1067 853 1124; x_wconf 85' lang='lat' dir='ltr'><strong>inm</strong></span> <span class='ocrx_word' id='word_1_42' title='bbox 874 1063 980 1143; x_wconf 85' lang='lat' dir='ltr'><strong>puer¹‘.</strong></span> <span class='ocrx_word' id='word_1_43' title='bbox 995 1095 1032 1106; x_wconf 95' lang='lat'>-</span> <span class='ocrx_word' id='word_1_44' title='bbox 1048 1061 1119 1126; x_wconf 74' lang='lat' dir='ltr'><strong>dote</strong></span> <span class='ocrx_word' id='word_1_45' title='bbox 1137 1080 1202 1126; x_wconf 79' lang='lat' dir='ltr'><strong>cue·</strong></span> 
     </span>
     <span class='ocr_line' id='line_1_6' title="bbox 82 1164 1201 1244; baseline 0.006 -23"><span class='ocrx_word' id='word_1_46' title='bbox 82 1179 154 1236; x_wconf 78' lang='lat' dir='ltr'><strong>sant,</strong></span> <span class='ocrx_word' id='word_1_47' title='bbox 176 1165 196 1223; x_wconf 93' lang='lat' dir='ltr'><strong>i.</strong></span> <span class='ocrx_word' id='word_1_48' title='bbox 219 1183 244 1223; x_wconf 91' lang='lat' dir='ltr'><strong>e.</strong></span> <span class='ocrx_word' id='word_1_49' title='bbox 265 1172 424 1240; x_wconf 77' lang='lat' dir='ltr'>carentem,</span> <span class='ocrx_word' id='word_1_50' title='bbox 448 1171 481 1226; x_wconf 89' lang='lat' dir='ltr'><strong>ut</strong></span> <span class='ocrx_word' id='word_1_51' title='bbox 506 1186 638 1239; x_wconf 82' lang='lat' dir='ltr'><strong>„cussum</strong></span> <span class='ocrx_word' id='word_1_52' title='bbox 661 1164 790 1227; x_wconf 83' lang='lat' dir='ltr'><strong>lumine“</strong></span> <span class='ocrx_word' id='word_1_53' title='bbox 816 1167 973 1227; x_wconf 85' lang='lat' dir='ltr'><strong>Lueretius</strong></span> <span class='ocrx_word' id='word_1_54' title='bbox 996 1175 1026 1226; x_wconf 86' lang='lat' dir='ltr'><strong>st</strong></span> <span class='ocrx_word' id='word_1_55' title='bbox 1045 1167 1201 1244; x_wconf 79' lang='lat' dir='ltr'><strong>Vergilius.</strong></span> 
     </span>
     <span class='ocr_line' id='line_1_7' title="bbox 83 1265 1203 1347; baseline 0.005 -23"><span class='ocrx_word' id='word_1_56' title='bbox 83 1265 217 1341; x_wconf 74' lang='lat' dir='ltr'><strong>Nugatur</strong></span> <span class='ocrx_word' id='word_1_57' title='bbox 243 1267 358 1326; x_wconf 84' lang='lat' dir='ltr'><strong>Nonius</strong></span> <span class='ocrx_word' id='word_1_58' title='bbox 385 1289 414 1346; x_wconf 92' lang='lat' dir='ltr'><strong>p.</strong></span> <span class='ocrx_word' id='word_1_59' title='bbox 444 1271 495 1328; x_wconf 85' lang='lat'><strong>45.</strong></span> <span class='ocrx_word' id='word_1_60' title='bbox 513 1299 556 1308; x_wconf 98' lang='lat'>-</span> <span class='ocrx_word' id='word_1_61' title='bbox 577 1268 660 1328; x_wconf 82' lang='lat' dir='ltr'><strong>Idem</strong></span> <span class='ocrx_word' id='word_1_62' title='bbox 682 1271 790 1329; x_wconf 86' lang='lat' dir='ltr'><strong>iterum</strong></span> <span class='ocrx_word' id='word_1_63' title='bbox 823 1291 854 1347; x_wconf 87' lang='lat' dir='ltr'><strong>p.</strong></span> <span class='ocrx_word' id='word_1_64' title='bbox 884 1271 946 1329; x_wconf 84' lang='lat'><strong>340</strong></span> <span class='ocrx_word' id='word_1_65' title='bbox 979 1269 1057 1330; x_wconf 89' lang='lat' dir='ltr'><strong>huno</strong></span> <span class='ocrx_word' id='word_1_66' title='bbox 1085 1289 1203 1330; x_wconf 86' lang='lat' dir='ltr'><strong>versum</strong></span> 
     </span>
     <span class='ocr_line' id='line_1_8' title="bbox 82 1363 1203 1444; baseline 0.005 -18"><span class='ocrx_word' id='word_1_67' title='bbox 82 1368 164 1426; x_wconf 82' lang='lat' dir='ltr'><strong>effert</strong></span> <span class='ocrx_word' id='word_1_68' title='bbox 186 1369 225 1428; x_wconf 81' lang='lat' dir='ltr'><strong>ed</strong></span> <span class='ocrx_word' id='word_1_69' title='bbox 248 1363 375 1430; x_wconf 79' lang='lat' dir='ltr'><strong><em>locandi</em></strong></span> <span class='ocrx_word' id='word_1_70' title='bbox 395 1371 529 1430; x_wconf 83' lang='lat' dir='ltr'><strong>verbum.</strong></span> <span class='ocrx_word' id='word_1_71' title='bbox 564 1370 659 1429; x_wconf 78' lang='lat' dir='ltr'><strong>Varro</strong></span> <span class='ocrx_word' id='word_1_72' title='bbox 682 1377 780 1430; x_wconf 84' lang='lat' dir='ltr'><strong>nutem</strong></span> <span class='ocrx_word' id='word_1_73' title='bbox 803 1371 836 1431; x_wconf 93' lang='lat' dir='ltr'><strong>L.</strong></span> <span class='ocrx_word' id='word_1_74' title='bbox 855 1371 889 1431; x_wconf 90' lang='lat' dir='ltr'><strong>L.</strong></span> <span class='ocrx_word' id='word_1_75' title='bbox 904 1371 939 1444; x_wconf 85' lang='lat' dir='ltr'><strong>V,</strong></span> <span class='ocrx_word' id='word_1_76' title='bbox 967 1373 1020 1430; x_wconf 85' lang='lat'><strong>14:</strong></span> <span class='ocrx_word' id='word_1_77' title='bbox 1048 1371 1107 1444; x_wconf 84' lang='lat' dir='ltr'><strong>„Ut</strong></span> <span class='ocrx_word' id='word_1_78' title='bbox 1125 1393 1203 1432; x_wconf 85' lang='lat' dir='ltr'><strong>nnnc</strong></span> 
     </span>
     <span class='ocr_line' id='line_1_9' title="bbox 82 1468 1203 1552; baseline 0.004 -25"><span class='ocrx_word' id='word_1_79' title='bbox 82 1469 181 1528; x_wconf 84' lang='lat' dir='ltr'><strong>dieunt</strong></span> <span class='ocrx_word' id='word_1_80' title='bbox 198 1471 394 1545; x_wconf 80' lang='lat' dir='ltr'><strong>conlocatum,</strong></span> <span class='ocrx_word' id='word_1_81' title='bbox 415 1481 531 1532; x_wconf 85' lang='lat' dir='ltr'><strong>veteres</strong></span> <span class='ocrx_word' id='word_1_82' title='bbox 547 1473 580 1532; x_wconf 90' lang='lat' dir='ltr'><strong>id</strong></span> <span class='ocrx_word' id='word_1_83' title='bbox 599 1468 809 1550; x_wconf 73' lang='lat' dir='ltr'><strong>(relocatum)</strong></span> <span class='ocrx_word' id='word_1_84' title='bbox 828 1473 925 1533; x_wconf 80' lang='lat' dir='ltr'><strong>disere</strong></span> <span class='ocrx_word' id='word_1_85' title='bbox 948 1473 1053 1534; x_wconf 90' lang='lat' dir='ltr'><strong>solitos</strong></span> <span class='ocrx_word' id='word_1_86' title='bbox 1078 1479 1203 1552; x_wconf 79' lang='lat' dir='ltr'><strong>apparet</strong></span> 
     </span>
     <span class='ocr_line' id='line_1_10' title="bbox 84 1573 1201 1651; baseline 0.004 -20"><span class='ocrx_word' id='word_1_87' title='bbox 84 1573 159 1650; x_wconf 86' lang='lat' dir='ltr'><strong>npud</strong></span> <span class='ocrx_word' id='word_1_88' title='bbox 182 1575 338 1634; x_wconf 76' lang='lat' dir='ltr'><strong>Plautum:</strong></span> <span class='ocrx_word' id='word_1_89' title='bbox 371 1574 479 1634; x_wconf 83' lang='lat' dir='ltr'><strong>Filium</strong></span> <span class='ocrx_word' id='word_1_90' title='bbox 507 1575 603 1634; x_wconf 80' lang='lat' dir='ltr'><strong>habeo</strong></span> <span class='ocrx_word' id='word_1_91' title='bbox 632 1575 773 1651; x_wconf 77' lang='lat' dir='ltr'><strong>grandem</strong></span> <span class='ocrx_word' id='word_1_92' title='bbox 798 1573 886 1635; x_wconf 82' lang='lat' dir='ltr'><strong>oett.“</strong></span> <span class='ocrx_word' id='word_1_93' title='bbox 912 1575 949 1634; x_wconf 86' lang='lat' dir='ltr'><strong>cf.</strong></span> <span class='ocrx_word' id='word_1_94' title='bbox 971 1577 1050 1634; x_wconf 80' lang='lat' dir='ltr'><strong>inira</strong></span> <span class='ocrx_word' id='word_1_95' title='bbox 1078 1597 1106 1636; x_wconf 89' lang='lat' dir='ltr'><strong>v.</strong></span> <span class='ocrx_word' id='word_1_96' title='bbox 1131 1577 1201 1635; x_wconf 88' lang='grc'><strong>221.</strong></span> 
     </span>
     <span class='ocr_line' id='line_1_11' title="bbox 82 1673 1201 1756; baseline 0.004 -24"><span class='ocrx_word' id='word_1_97' title='bbox 82 1675 150 1734; x_wconf 86' lang='lat' dir='ltr'><strong>Cist.</strong></span> <span class='ocrx_word' id='word_1_98' title='bbox 165 1679 238 1736; x_wconf 84' lang='lat'><strong>390.</strong></span> <span class='ocrx_word' id='word_1_99' title='bbox 272 1676 354 1736; x_wconf 87' lang='lat' dir='ltr'><strong>Trin.</strong></span> <span class='ocrx_word' id='word_1_100' title='bbox 373 1680 445 1736; x_wconf 80' lang='grc'><strong>782.</strong></span> <span class='ocrx_word' id='word_1_101' title='bbox 479 1676 539 1736; x_wconf 79' lang='lat' dir='ltr'><strong>cic.</strong></span> <span class='ocrx_word' id='word_1_102' title='bbox 563 1677 673 1756; x_wconf 90' lang='lat' dir='ltr'>Philip.</span> <span class='ocrx_word' id='word_1_103' title='bbox 696 1677 735 1750; x_wconf 89' lang='lat'><strong>11,</strong></span> <span class='ocrx_word' id='word_1_104' title='bbox 762 1680 810 1750; x_wconf 81' lang='lat'><strong>18,</strong></span> <span class='ocrx_word' id='word_1_105' title='bbox 834 1679 884 1738; x_wconf 85' lang='lat'><strong>44.</strong></span> <span class='ocrx_word' id='word_1_106' title='bbox 907 1707 950 1718; x_wconf 89' lang='lat'>-</span> <span class='ocrx_word' id='word_1_107' title='bbox 975 1680 1044 1738; x_wconf 88' lang='grc'><strong>186.</strong></span> <span class='ocrx_word' id='word_1_108' title='bbox 1069 1673 1201 1750; x_wconf 79' lang='lat' dir='ltr'><strong>dabitur,</strong></span> 
     </span>
     <span class='ocr_line' id='line_1_12' title="bbox 81 1775 1202 1857; baseline 0.004 -21"><span class='ocrx_word' id='word_1_109' title='bbox 81 1797 118 1837; x_wconf 85' lang='lat' dir='ltr'><strong>so.</strong></span> <span class='ocrx_word' id='word_1_110' title='bbox 131 1778 193 1838; x_wconf 87' lang='lat' dir='ltr'><strong>doe.</strong></span> <span class='ocrx_word' id='word_1_111' title='bbox 207 1778 302 1838; x_wconf 76' lang='lat' dir='ltr'><strong>-Bz</strong></span> <span class='ocrx_word' id='word_1_112' title='bbox 325 1775 484 1852; x_wconf 73' lang='lat' dir='ltr'><strong>adiutare,</strong></span> <span class='ocrx_word' id='word_1_113' title='bbox 507 1781 728 1857; x_wconf 72' lang='lat' dir='ltr'><strong>suprascripto</strong></span> <span class='ocrx_word' id='word_1_114' title='bbox 747 1775 846 1840; x_wconf 82' lang='lat' dir='ltr'><strong>be.—</strong></span> <span class='ocrx_word' id='word_1_115' title='bbox 868 1781 938 1840; x_wconf 81' lang='grc'><strong>187.</strong></span> <span class='ocrx_word' id='word_1_116' title='bbox 960 1775 1061 1840; x_wconf 70' lang='lat' dir='ltr'><strong>initiat</strong></span> <span class='ocrx_word' id='word_1_117' title='bbox 1082 1795 1202 1852; x_wconf 80' lang='lat' dir='ltr'><strong>aurum,</strong></span> 
     </span>
     <span class='ocr_line' id='line_1_13' title="bbox 80 1880 1202 1955; baseline 0.004 -17"><span class='ocrx_word' id='word_1_118' title='bbox 80 1881 113 1938; x_wconf 75' lang='lat' dir='ltr'><strong>ef.</strong></span> <span class='ocrx_word' id='word_1_119' title='bbox 127 1883 198 1941; x_wconf 86' lang='grc'><strong>259.</strong></span> <span class='ocrx_word' id='word_1_120' title='bbox 236 1881 301 1940; x_wconf 84' lang='lat' dir='ltr'><strong>Mil.</strong></span> <span class='ocrx_word' id='word_1_121' title='bbox 316 1883 391 1941; x_wconf 82' lang='lat'>716:</span> <span class='ocrx_word' id='word_1_122' title='bbox 418 1881 514 1955; x_wconf 82' lang='lat' dir='ltr'><strong>„bone</strong></span> <span class='ocrx_word' id='word_1_123' title='bbox 536 1901 602 1940; x_wconf 82' lang='lat' dir='ltr'><strong>mes</strong></span> <span class='ocrx_word' id='word_1_124' title='bbox 620 1880 765 1942; x_wconf 80' lang='lat' dir='ltr'><strong>inhient.“</strong></span> <span class='ocrx_word' id='word_1_125' title='bbox 802 1882 894 1942; x_wconf 84' lang='lat' dir='ltr'><strong>Stich.</strong></span> <span class='ocrx_word' id='word_1_126' title='bbox 909 1884 984 1942; x_wconf 80' lang='lat'><strong>605:</strong></span> <span class='ocrx_word' id='word_1_127' title='bbox 1011 1883 1091 1955; x_wconf 84' lang='lat' dir='ltr'><strong>„illic</strong></span> <span class='ocrx_word' id='word_1_128' title='bbox 1113 1881 1202 1942; x_wconf 90' lang='lat' dir='ltr'><strong>homo</strong></span> 
     </span>
     <span class='ocr_line' id='line_1_14' title="bbox 81 1981 1202 2056; baseline 0.001 -15"><span class='ocrx_word' id='word_1_129' title='bbox 81 1989 160 2042; x_wconf 81' lang='lat' dir='ltr'><strong>tuem</strong></span> <span class='ocrx_word' id='word_1_130' title='bbox 183 1983 382 2042; x_wconf 70' lang='lat' dir='ltr'><strong>hereditatem</strong></span> <span class='ocrx_word' id='word_1_131' title='bbox 404 1981 530 2044; x_wconf 83' lang='lat' dir='ltr'><strong>inhint“.</strong></span> <span class='ocrx_word' id='word_1_132' title='bbox 575 1984 694 2044; x_wconf 78' lang='lat' dir='ltr'><strong>Trucul.</strong></span> <span class='ocrx_word' id='word_1_133' title='bbox 721 1986 791 2044; x_wconf 78' lang='lat'><strong>338.</strong></span> <span class='ocrx_word' id='word_1_134' title='bbox 836 1983 933 2044; x_wconf 76' lang='lat' dir='ltr'><strong>Cecil.</strong></span> <span class='ocrx_word' id='word_1_135' title='bbox 956 2003 984 2042; x_wconf 87' lang='lat' dir='ltr'><strong>r.</strong></span> <span class='ocrx_word' id='word_1_136' title='bbox 1012 1986 1087 2044; x_wconf 77' lang='lat'>147:</span> <span class='ocrx_word' id='word_1_137' title='bbox 1114 1984 1202 2056; x_wconf 89' lang='lat' dir='ltr'><strong>„dum</strong></span> 
     </span>
     <span class='ocr_line' id='line_1_15' title="bbox 79 2081 1201 2158; baseline 0.002 -16"><span class='ocrx_word' id='word_1_138' title='bbox 79 2085 139 2144; x_wconf 86' lang='lat' dir='ltr'><strong>eine</strong></span> <span class='ocrx_word' id='word_1_139' title='bbox 167 2091 294 2144; x_wconf 86' lang='lat' dir='ltr'><strong>mortem</strong></span> <span class='ocrx_word' id='word_1_140' title='bbox 324 2081 437 2144; x_wconf 84' lang='lat' dir='ltr'><strong>inhio“.</strong></span> <span class='ocrx_word' id='word_1_141' title='bbox 481 2085 605 2145; x_wconf 81' lang='lat' dir='ltr'><strong>Porcius</strong></span> <span class='ocrx_word' id='word_1_142' title='bbox 632 2089 663 2146; x_wconf 88' lang='lat' dir='ltr'><strong>in</strong></span> <span class='ocrx_word' id='word_1_143' title='bbox 686 2085 807 2146; x_wconf 85' lang='lat' dir='ltr'><strong>Sueton.</strong></span> <span class='ocrx_word' id='word_1_144' title='bbox 830 2085 901 2144; x_wconf 83' lang='lat' dir='ltr'><strong>Vite</strong></span> <span class='ocrx_word' id='word_1_145' title='bbox 922 2085 1069 2146; x_wconf 78' lang='lat' dir='ltr'><strong>Terentii:</strong></span> <span class='ocrx_word' id='word_1_146' title='bbox 1107 2085 1201 2158; x_wconf 90' lang='lat' dir='ltr'><strong>„Dum</strong></span> 
     </span>
     <span class='ocr_line' id='line_1_16' title="bbox 79 2185 1202 2257; baseline 0 -11"><span class='ocrx_word' id='word_1_147' title='bbox 79 2187 209 2246; x_wconf 75' lang='lat' dir='ltr'><strong>Africani</strong></span> <span class='ocrx_word' id='word_1_148' title='bbox 232 2206 335 2246; x_wconf 88' lang='lat' dir='ltr'><strong>uocem</strong></span> <span class='ocrx_word' id='word_1_149' title='bbox 358 2187 490 2247; x_wconf 80' lang='lat' dir='ltr'><strong>diuinum</strong></span> <span class='ocrx_word' id='word_1_150' title='bbox 511 2189 610 2257; x_wconf 78' lang='lat' dir='ltr'><strong>inhiet</strong></span> <span class='ocrx_word' id='word_1_151' title='bbox 630 2187 729 2248; x_wconf 75' lang='lat' dir='ltr'><strong>auidis</strong></span> <span class='ocrx_word' id='word_1_152' title='bbox 752 2185 904 2248; x_wconf 79' lang='lat' dir='ltr'><strong>auribue“.</strong></span> <span class='ocrx_word' id='word_1_153' title='bbox 933 2187 971 2248; x_wconf 81' lang='lat' dir='ltr'><strong>el.</strong></span> <span class='ocrx_word' id='word_1_154' title='bbox 1016 2187 1202 2248; x_wconf 77' lang='lat' dir='ltr'><strong>Posteriores</strong></span> 
     </span>
     <span class='ocr_line' id='line_1_17' title="bbox 11 2275 1201 2368; baseline 0.001 -21"><span class='ocrx_word' id='word_1_155' title='bbox 11 2309 12 2312; x_wconf 45' lang='lat'>¹</span> <span class='ocrx_word' id='word_1_156' title='bbox 77 2297 172 2366; x_wconf 74' lang='lat' dir='ltr'><strong>poete</strong></span> <span class='ocrx_word' id='word_1_157' title='bbox 192 2309 259 2349; x_wconf 85' lang='lat' dir='ltr'><strong>eum</strong></span> <span class='ocrx_word' id='word_1_158' title='bbox 283 2291 383 2350; x_wconf 80' lang='lat' dir='ltr'><strong>dutivo</strong></span> <span class='ocrx_word' id='word_1_159' title='bbox 406 2293 542 2368; x_wconf 80' lang='lat' dir='ltr'><strong>iungunt,</strong></span> <span class='ocrx_word' id='word_1_160' title='bbox 565 2297 601 2350; x_wconf 90' lang='lat' dir='ltr'><strong>ut</strong></span> <span class='ocrx_word' id='word_1_161' title='bbox 623 2291 725 2351; x_wconf 85' lang='lat' dir='ltr'><strong>Senso.</strong></span> <span class='ocrx_word' id='word_1_162' title='bbox 748 2290 819 2350; x_wconf 88' lang='lat' dir='ltr'><strong>Her.</strong></span> <span class='ocrx_word' id='word_1_163' title='bbox 843 2291 900 2350; x_wconf 86' lang='lat' dir='ltr'><strong>fur.</strong></span> <span class='ocrx_word' id='word_1_164' title='bbox 923 2275 1003 2350; x_wconf 71' lang='lat'>&#39;1662</span> <span class='ocrx_word' id='word_1_165' title='bbox 1030 2290 1128 2366; x_wconf 82' lang='lat' dir='ltr'><strong>„genis</strong></span> <span class='ocrx_word' id='word_1_166' title='bbox 1157 2291 1201 2348; x_wconf 89' lang='lat' dir='ltr'><strong>in·</strong></span> 
     </span>
     <span class='ocr_line' id='line_1_18' title="bbox 77 2390 1201 2472; baseline 0 -22"><span class='ocrx_word' id='word_1_167' title='bbox 77 2390 327 2452; x_wconf 79' lang='lat' dir='ltr'><strong>hiere“.-188.</strong></span> <span class='ocrx_word' id='word_1_168' title='bbox 351 2393 424 2451; x_wconf 84' lang='lat' dir='ltr'><strong>Cum</strong></span> <span class='ocrx_word' id='word_1_169' title='bbox 447 2413 519 2452; x_wconf 80' lang='lat' dir='ltr'><strong>eune</strong></span> <span class='ocrx_word' id='word_1_170' title='bbox 542 2413 573 2452; x_wconf 92' lang='lat' dir='ltr'><strong>se</strong></span> <span class='ocrx_word' id='word_1_171' title='bbox 596 2400 758 2472; x_wconf 77' lang='lat' dir='ltr'><strong>comparet,</strong></span> <span class='ocrx_word' id='word_1_172' title='bbox 781 2395 829 2452; x_wconf 90' lang='lat' dir='ltr'><strong>oui</strong></span> <span class='ocrx_word' id='word_1_173' title='bbox 851 2393 960 2469; x_wconf 75' lang='lat' dir='ltr'><strong>aliquis</strong></span> <span class='ocrx_word' id='word_1_174' title='bbox 976 2411 1081 2469; x_wconf 82' lang='lat' dir='ltr'><strong>punem</strong></span> <span class='ocrx_word' id='word_1_175' title='bbox 1102 2399 1201 2452; x_wconf 85' lang='lat' dir='ltr'><strong>osten·</strong></span> 
     </span>
     <span class='ocr_line' id='line_1_19' title="bbox 78 2495 1200 2574; baseline 0.003 -23"><span class='ocrx_word' id='word_1_176' title='bbox 78 2499 133 2566; x_wconf 76' lang='lat' dir='ltr'><strong>tut,</strong></span> <span class='ocrx_word' id='word_1_177' title='bbox 168 2515 230 2573; x_wconf 86' lang='lat' dir='ltr'><strong>quo</strong></span> <span class='ocrx_word' id='word_1_178' title='bbox 259 2496 377 2554; x_wconf 78' lang='lat' dir='ltr'><strong>facilius</strong></span> <span class='ocrx_word' id='word_1_179' title='bbox 403 2497 459 2554; x_wconf 83' lang='lat' dir='ltr'><strong>heo</strong></span> <span class='ocrx_word' id='word_1_180' title='bbox 486 2515 538 2574; x_wconf 88' lang='lat' dir='ltr'><strong>epe</strong></span> <span class='ocrx_word' id='word_1_181' title='bbox 567 2516 703 2556; x_wconf 89' lang='lat' dir='ltr'><strong>seourum</strong></span> <span class='ocrx_word' id='word_1_182' title='bbox 730 2495 830 2574; x_wconf 81' lang='lat' dir='ltr'><strong>lepide</strong></span> <span class='ocrx_word' id='word_1_183' title='bbox 860 2495 1019 2572; x_wconf 81' lang='lat' dir='ltr'><strong>percutiet.</strong></span> <span class='ocrx_word' id='word_1_184' title='bbox 1050 2523 1085 2532; x_wconf 94' lang='lat'>-</span> <span class='ocrx_word' id='word_1_185' title='bbox 1131 2495 1200 2554; x_wconf 82' lang='lat'>190.</span> 
     </span>
     <span class='ocr_line' id='line_1_20' title="bbox 84 2591 1201 2672; baseline -0.001 -15"><span class='ocrx_word' id='word_1_186' title='bbox 84 2591 150 2670; x_wconf 79' lang='lat' dir='ltr'><strong>Uti,</strong></span> <span class='ocrx_word' id='word_1_187' title='bbox 173 2597 237 2656; x_wconf 86' lang='lat' dir='ltr'><strong>rid.</strong></span> <span class='ocrx_word' id='word_1_188' title='bbox 262 2598 300 2656; x_wconf 84' lang='lat' dir='ltr'><strong>ud</strong></span> <span class='ocrx_word' id='word_1_189' title='bbox 321 2598 404 2656; x_wconf 84' lang='lat' dir='ltr'><strong>Asin.</strong></span> <span class='ocrx_word' id='word_1_190' title='bbox 430 2599 500 2657; x_wconf 89' lang='grc'><strong>502.</strong></span> <span class='ocrx_word' id='word_1_191' title='bbox 523 2627 566 2640; x_wconf 89' lang='grc'><strong>-</strong></span> <span class='ocrx_word' id='word_1_192' title='bbox 586 2595 728 2672; x_wconf 64' lang='lat' dir='ltr'><strong>namium,</strong></span> <span class='ocrx_word' id='word_1_193' title='bbox 752 2601 771 2658; x_wconf 88' lang='lat' dir='ltr'><strong>i.</strong></span> <span class='ocrx_word' id='word_1_194' title='bbox 791 2620 815 2658; x_wconf 92' lang='lat' dir='ltr'><strong>e.</strong></span> <span class='ocrx_word' id='word_1_195' title='bbox 835 2601 939 2672; x_wconf 75' lang='grc' dir='ltr'><strong>ζημίαν.</strong></span> <span class='ocrx_word' id='word_1_196' title='bbox 979 2595 1117 2656; x_wconf 79' lang='lat' dir='ltr'><strong>Doricam</strong></span> <span class='ocrx_word' id='word_1_197' title='bbox 1141 2596 1201 2656; x_wconf 81' lang='lat' dir='ltr'><strong>ior·</strong></span> 
     </span>
     <span class='ocr_line' id='line_1_21' title="bbox 76 2693 1200 2777; baseline 0.001 -20"><span class='ocrx_word' id='word_1_198' title='bbox 76 2717 151 2758; x_wconf 81' lang='lat' dir='ltr'><strong>mem</strong></span> <span class='ocrx_word' id='word_1_199' title='bbox 184 2721 223 2759; x_wconf 86' lang='lat' dir='ltr'><strong>ex</strong></span> <span class='ocrx_word' id='word_1_200' title='bbox 254 2700 365 2777; x_wconf 73' lang='lat' dir='ltr'><strong>Magne</strong></span> <span class='ocrx_word' id='word_1_201' title='bbox 397 2699 512 2758; x_wconf 83' lang='lat' dir='ltr'><strong>Graeoie</strong></span> <span class='ocrx_word' id='word_1_202' title='bbox 541 2700 731 2760; x_wconf 76' lang='lat' dir='ltr'><strong>adsciverunt</strong></span> <span class='ocrx_word' id='word_1_203' title='bbox 759 2701 895 2760; x_wconf 73' lang='lat' dir='ltr'><strong>Romani.</strong></span> <span class='ocrx_word' id='word_1_204' title='bbox 939 2693 1092 2775; x_wconf 74' lang='lat' dir='ltr'><strong>Aristoph.</strong></span> <span class='ocrx_word' id='word_1_205' title='bbox 1121 2698 1200 2758; x_wconf 88' lang='lat' dir='ltr'><strong>Piut.</strong></span> 
     </span>
     <span class='ocr_line' id='line_1_22' title="bbox 81 2795 1201 2880; baseline 0.002 -22"><span class='ocrx_word' id='word_1_206' title='bbox 81 2803 157 2860; x_wconf 83' lang='grc'><strong>1124</strong></span> <span class='ocrx_word' id='word_1_207' title='bbox 182 2801 287 2860; x_wconf 72' lang='lat' dir='ltr'><strong>eadem</strong></span> <span class='ocrx_word' id='word_1_208' title='bbox 311 2799 527 2880; x_wconf 75' lang='lat' dir='ltr'><strong>significatione</strong></span> <span class='ocrx_word' id='word_1_209' title='bbox 543 2806 642 2869; x_wconf 63' lang='grc' dir='ltr'><strong><em>ἐποίεις</em></strong></span> <span class='ocrx_word' id='word_1_210' title='bbox 660 2806 762 2878; x_wconf 72' lang='grc' dir='ltr'><strong>ζημίαν.</strong></span> <span class='ocrx_word' id='word_1_211' title='bbox 799 2795 937 2863; x_wconf 70' lang='lat' dir='ltr'><strong>Ouerme</strong></span> <span class='ocrx_word' id='word_1_212' title='bbox 954 2795 1051 2861; x_wconf 78' lang='lat' dir='ltr'><strong>alicui</strong></span> <span class='ocrx_word' id='word_1_213' title='bbox 1067 2797 1201 2862; x_wconf 75' lang='lat' dir='ltr'><strong>earnium</strong></span> 
     </span>
     <span class='ocr_line' id='line_1_23' title="bbox 75 2903 1198 2980; baseline 0.003 -20"><span class='ocrx_word' id='word_1_214' title='bbox 75 2909 127 2976; x_wconf 88' lang='lat' dir='ltr'><strong>eet,</strong></span> <span class='ocrx_word' id='word_1_215' title='bbox 150 2911 185 2963; x_wconf 91' lang='lat' dir='ltr'><strong>ut</strong></span> <span class='ocrx_word' id='word_1_216' title='bbox 202 2905 397 2963; x_wconf 81' lang='lat' dir='ltr'><strong>Ciceroninno</strong></span> <span class='ocrx_word' id='word_1_217' title='bbox 419 2903 512 2964; x_wconf 81' lang='lat' dir='ltr'><strong>verbo</strong></span> <span class='ocrx_word' id='word_1_218' title='bbox 534 2910 662 2978; x_wconf 84' lang='lat' dir='ltr'><strong>utemur,</strong></span> <span class='ocrx_word' id='word_1_219' title='bbox 686 2907 841 2980; x_wconf 84' lang='lat' dir='ltr'><strong>iniungere</strong></span> <span class='ocrx_word' id='word_1_220' title='bbox 865 2905 955 2964; x_wconf 82' lang='lat' dir='ltr'><strong>elioui</strong></span> <span class='ocrx_word' id='word_1_221' title='bbox 978 2903 1198 2963; x_wconf 86' lang='lat' dir='ltr'><strong>detrimentum.</strong></span> 
     </span>
     <span class='ocr_line' id='line_1_24' title="bbox 78 3003 1200 3084; baseline 0.001 -22"><span class='ocrx_word' id='word_1_222' title='bbox 78 3003 240 3067; x_wconf 80' lang='lat' dir='ltr'><strong>Francken.</strong></span> <span class='ocrx_word' id='word_1_223' title='bbox 269 3005 409 3079; x_wconf 83' lang='lat' dir='ltr'><strong>„ornot“;</strong></span> <span class='ocrx_word' id='word_1_224' title='bbox 440 3005 574 3066; x_wconf 89' lang='lat' dir='ltr'><strong>sednon</strong></span> <span class='ocrx_word' id='word_1_225' title='bbox 597 3007 660 3066; x_wconf 86' lang='lat' dir='ltr'><strong>siue</strong></span> <span class='ocrx_word' id='word_1_226' title='bbox 683 3027 773 3066; x_wconf 83' lang='lat' dir='ltr'><strong>oense</strong></span> <span class='ocrx_word' id='word_1_227' title='bbox 794 3008 848 3066; x_wconf 83' lang='lat' dir='ltr'><strong>illu</strong></span> <span class='ocrx_word' id='word_1_228' title='bbox 870 3025 973 3066; x_wconf 85' lang='lat' dir='ltr'><strong>menne</strong></span> <span class='ocrx_word' id='word_1_229' title='bbox 996 3006 1124 3084; x_wconf 78' lang='lat' dir='ltr'><strong>benigne</strong></span> <span class='ocrx_word' id='word_1_230' title='bbox 1146 3007 1200 3063; x_wconf 87' lang='lat' dir='ltr'><strong>im·</strong></span> 
     </span>
     <span class='ocr_line' id='line_1_25' title="bbox 76 3107 1200 3185; baseline 0 -19"><span class='ocrx_word' id='word_1_231' title='bbox 76 3111 174 3183; x_wconf 75' lang='lat' dir='ltr'><strong>posite</strong></span> <span class='ocrx_word' id='word_1_232' title='bbox 196 3129 265 3167; x_wconf 84' lang='lat' dir='ltr'><strong>cnm</strong></span> <span class='ocrx_word' id='word_1_233' title='bbox 287 3128 375 3167; x_wconf 89' lang='lat' dir='ltr'><strong>onere</strong></span> <span class='ocrx_word' id='word_1_234' title='bbox 397 3114 596 3185; x_wconf 75' lang='lat' dir='ltr'><strong>comparetur.</strong></span> <span class='ocrx_word' id='word_1_235' title='bbox 642 3109 768 3168; x_wconf 77' lang='lat' dir='ltr'><strong>Obiecto</strong></span> <span class='ocrx_word' id='word_1_236' title='bbox 788 3108 873 3167; x_wconf 84' lang='lat' dir='ltr'><strong>verbi</strong></span> <span class='ocrx_word' id='word_1_237' title='bbox 901 3107 1005 3168; x_wconf 88' lang='lat' dir='ltr'><strong>eodem</strong></span> <span class='ocrx_word' id='word_1_238' title='bbox 1028 3107 1117 3168; x_wconf 90' lang='lat' dir='ltr'><strong>modo</strong></span> <span class='ocrx_word' id='word_1_239' title='bbox 1141 3107 1200 3166; x_wconf 90' lang='lat' dir='ltr'><strong>dis·</strong></span> 
     </span>
     <span class='ocr_line' id='line_1_26' title="bbox 76 3208 1201 3289; baseline 0 -21"><span class='ocrx_word' id='word_1_240' title='bbox 76 3219 228 3285; x_wconf 90' lang='lat' dir='ltr'><strong>ponuntur</strong></span> <span class='ocrx_word' id='word_1_241' title='bbox 254 3211 334 3289; x_wconf 84' lang='lat' dir='ltr'><strong>epnd</strong></span> <span class='ocrx_word' id='word_1_242' title='bbox 361 3209 449 3288; x_wconf 80' lang='lat' dir='ltr'><strong>Verg.</strong></span> <span class='ocrx_word' id='word_1_243' title='bbox 472 3211 541 3270; x_wconf 79' lang='lat' dir='ltr'><strong>AEn.</strong></span> <span class='ocrx_word' id='word_1_244' title='bbox 565 3211 594 3284; x_wconf 92' lang='lat'><strong>1,</strong></span> <span class='ocrx_word' id='word_1_245' title='bbox 628 3213 702 3270; x_wconf 85' lang='lat'>195:</span> <span class='ocrx_word' id='word_1_246' title='bbox 746 3210 842 3283; x_wconf 78' lang='lat' dir='ltr'><strong>„Vina</strong></span> <span class='ocrx_word' id='word_1_247' title='bbox 875 3210 970 3270; x_wconf 92' lang='lat' dir='ltr'><strong>bonus</strong></span> <span class='ocrx_word' id='word_1_248' title='bbox 998 3229 1063 3286; x_wconf 85' lang='lat' dir='ltr'><strong>quee</strong></span> <span class='ocrx_word' id='word_1_249' title='bbox 1092 3208 1201 3268; x_wconf 89' lang='lat' dir='ltr'><strong>deinde</strong></span> 
     </span>
     <span class='ocr_line' id='line_1_27' title="bbox 73 3308 1198 3389; baseline 0.001 -19"><span class='ocrx_word' id='word_1_250' title='bbox 73 3313 155 3372; x_wconf 74' lang='lat' dir='ltr'><strong>cedis</strong></span> <span class='ocrx_word' id='word_1_251' title='bbox 172 3320 316 3374; x_wconf 72' lang='lat' dir='ltr'><strong>oneraret</strong></span> <span class='ocrx_word' id='word_1_252' title='bbox 331 3311 483 3374; x_wconf 79' lang='lat' dir='ltr'><strong>Acestes“.</strong></span> <span class='ocrx_word' id='word_1_253' title='bbox 513 3312 590 3387; x_wconf 83' lang='lat' dir='ltr'><strong>vm,</strong></span> <span class='ocrx_word' id='word_1_254' title='bbox 611 3315 686 3373; x_wconf 74' lang='lat'>180:</span> <span class='ocrx_word' id='word_1_255' title='bbox 713 3317 917 3389; x_wconf 79' lang='lat' dir='ltr'><strong>„onerantque</strong></span> <span class='ocrx_word' id='word_1_256' title='bbox 934 3313 1071 3370; x_wconf 79' lang='lat' dir='ltr'><strong>onnistrie</strong></span> <span class='ocrx_word' id='word_1_257' title='bbox 1089 3308 1198 3371; x_wconf 80' lang='lat' dir='ltr'><strong>done“.</strong></span> 
     </span>
     <span class='ocr_line' id='line_1_28' title="bbox 77 3409 1200 3492; baseline 0 -18"><span class='ocrx_word' id='word_1_258' title='bbox 77 3445 116 3456; x_wconf 85' lang='lat'><em>-</em></span> <span class='ocrx_word' id='word_1_259' title='bbox 130 3419 199 3476; x_wconf 83' lang='lat'>191.</span> <span class='ocrx_word' id='word_1_260' title='bbox 225 3417 297 3475; x_wconf 84' lang='lat' dir='ltr'><strong>Post</strong></span> <span class='ocrx_word' id='word_1_261' title='bbox 315 3413 368 3492; x_wconf 80' lang='lat' dir='ltr'><strong>qui</strong></span> <span class='ocrx_word' id='word_1_262' title='bbox 384 3415 493 3475; x_wconf 80' lang='lat' dir='ltr'><strong>hiatus.</strong></span> <span class='ocrx_word' id='word_1_263' title='bbox 508 3445 546 3458; x_wconf 90' lang='lat'>—</span> <span class='ocrx_word' id='word_1_264' title='bbox 558 3409 614 3474; x_wconf 76' lang='lat' dir='ltr'><strong>ubi</strong></span> <span class='ocrx_word' id='word_1_265' title='bbox 632 3413 820 3474; x_wconf 82' lang='lat' dir='ltr'><strong>scribendum</strong></span> <span class='ocrx_word' id='word_1_266' title='bbox 844 3433 908 3474; x_wconf 86' lang='lat' dir='ltr'><strong>esse</strong></span> <span class='ocrx_word' id='word_1_267' title='bbox 925 3415 995 3474; x_wconf 87' lang='lat' dir='ltr'><strong>olim</strong></span> <span class='ocrx_word' id='word_1_268' title='bbox 1017 3414 1200 3474; x_wconf 83' lang='lat' dir='ltr'><strong>intellectum</strong></span> 
     </span>
     <span class='ocr_line' id='line_1_29' title="bbox 74 3513 1196 3596; baseline 0.002 -22"><span class='ocrx_word' id='word_1_269' title='bbox 74 3523 128 3592; x_wconf 84' lang='lat' dir='ltr'><strong>eet,</strong></span> <span class='ocrx_word' id='word_1_270' title='bbox 150 3520 212 3578; x_wconf 89' lang='lat' dir='ltr'><strong>nisi</strong></span> <span class='ocrx_word' id='word_1_271' title='bbox 235 3518 317 3595; x_wconf 94' lang='lat' dir='ltr'><strong>quod</strong></span> <span class='ocrx_word' id='word_1_272' title='bbox 339 3517 486 3577; x_wconf 83' lang='lat' dir='ltr'><strong>Gruterus</strong></span> <span class='ocrx_word' id='word_1_273' title='bbox 513 3514 605 3591; x_wconf 83' lang='lat' dir='ltr'><strong>„sibi“</strong></span> <span class='ocrx_word' id='word_1_274' title='bbox 630 3519 747 3596; x_wconf 82' lang='lat' dir='ltr'><strong>posuit3</strong></span> <span class='ocrx_word' id='word_1_275' title='bbox 777 3517 830 3578; x_wconf 87' lang='lat' dir='ltr'><strong>sed</strong></span> <span class='ocrx_word' id='word_1_276' title='bbox 851 3518 987 3596; x_wconf 89' lang='lat' dir='ltr'><strong>plerique</strong></span> <span class='ocrx_word' id='word_1_277' title='bbox 1012 3517 1083 3590; x_wconf 87' lang='lat' dir='ltr'><strong>„ubi</strong></span> <span class='ocrx_word' id='word_1_278' title='bbox 1106 3513 1196 3593; x_wconf 83' lang='lat' dir='ltr'><strong>quid“</strong></span> 
     </span>
     <span class='ocr_line' id='line_1_30' title="bbox 76 3617 1200 3698; baseline 0.003 -22"><span class='ocrx_word' id='word_1_279' title='bbox 76 3619 248 3694; x_wconf 82' lang='lat' dir='ltr'><strong>ediderunt3</strong></span> <span class='ocrx_word' id='word_1_280' title='bbox 272 3620 377 3696; x_wconf 74' lang='lat' dir='ltr'><strong>Wagn.</strong></span> <span class='ocrx_word' id='word_1_281' title='bbox 405 3619 474 3692; x_wconf 82' lang='lat' dir='ltr'><strong>„ubi</strong></span> <span class='ocrx_word' id='word_1_282' title='bbox 497 3617 658 3698; x_wconf 85' lang='lat' dir='ltr'><strong>quidque“,</strong></span> <span class='ocrx_word' id='word_1_283' title='bbox 682 3620 949 3680; x_wconf 86' lang='lat' dir='ltr'><strong>ooll.Poen.106.</strong></span> <span class='ocrx_word' id='word_1_284' title='bbox 976 3622 1046 3680; x_wconf 83' lang='grc'><strong>107.</strong></span> <span class='ocrx_word' id='word_1_285' title='bbox 1080 3618 1200 3679; x_wconf 82' lang='lat' dir='ltr'><strong>Trucul.</strong></span> 
     </span>
     <span class='ocr_line' id='line_1_31' title="bbox 75 3719 1201 3800; baseline 0.004 -22"><span class='ocrx_word' id='word_1_286' title='bbox 75 3724 145 3782; x_wconf 90' lang='grc'><strong>251.</strong></span> <span class='ocrx_word' id='word_1_287' title='bbox 179 3723 288 3782; x_wconf 82' lang='lat' dir='ltr'><strong>Bnooh.</strong></span> <span class='ocrx_word' id='word_1_288' title='bbox 311 3724 383 3782; x_wconf 88' lang='grc'><strong>468.</strong></span> <span class='ocrx_word' id='word_1_289' title='bbox 426 3722 511 3800; x_wconf 83' lang='lat' dir='ltr'><strong>Cspt.</strong></span> <span class='ocrx_word' id='word_1_290' title='bbox 535 3723 613 3796; x_wconf 82' lang='lat'>498;</span> <span class='ocrx_word' id='word_1_291' title='bbox 647 3721 700 3782; x_wconf 81' lang='lat' dir='ltr'><strong>red</strong></span> <span class='ocrx_word' id='word_1_292' title='bbox 727 3723 817 3782; x_wconf 82' lang='lat' dir='ltr'><strong>etiem</strong></span> <span class='ocrx_word' id='word_1_293' title='bbox 848 3720 918 3795; x_wconf 87' lang='lat' dir='ltr'><strong>„ubi</strong></span> <span class='ocrx_word' id='word_1_294' title='bbox 940 3719 1106 3800; x_wconf 81' lang='lat' dir='ltr'><strong>quidquid“</strong></span> <span class='ocrx_word' id='word_1_295' title='bbox 1132 3742 1201 3800; x_wconf 87' lang='lat' dir='ltr'><strong>pro-</strong></span> 
     </span>
     <span class='ocr_line' id='line_1_32' title="bbox 76 3821 1203 3902; baseline -0.001 -19"><span class='ocrx_word' id='word_1_296' title='bbox 76 3823 144 3884; x_wconf 91' lang='lat' dir='ltr'><strong>bnm</strong></span> <span class='ocrx_word' id='word_1_297' title='bbox 160 3831 217 3898; x_wconf 87' lang='lat' dir='ltr'><strong>est,</strong></span> <span class='ocrx_word' id='word_1_298' title='bbox 240 3825 300 3884; x_wconf 87' lang='lat' dir='ltr'><strong>rid.</strong></span> <span class='ocrx_word' id='word_1_299' title='bbox 313 3825 352 3884; x_wconf 84' lang='lat' dir='ltr'><strong>ed</strong></span> <span class='ocrx_word' id='word_1_300' title='bbox 362 3826 447 3884; x_wconf 75' lang='lat' dir='ltr'><strong>Asin.</strong></span> <span class='ocrx_word' id='word_1_301' title='bbox 462 3827 532 3885; x_wconf 83' lang='lat'>324.</span> <span class='ocrx_word' id='word_1_302' title='bbox 544 3853 588 3866; x_wconf 89' lang='lat'><em>-</em></span> <span class='ocrx_word' id='word_1_303' title='bbox 605 3821 774 3902; x_wconf 76' lang='lat' dir='ltr'><strong>teiiperunt</strong></span> <span class='ocrx_word' id='word_1_304' title='bbox 789 3825 895 3901; x_wconf 85' lang='lat' dir='ltr'><strong>eoripei</strong></span> <span class='ocrx_word' id='word_1_305' title='bbox 915 3845 981 3884; x_wconf 88' lang='lat' dir='ltr'><strong>oum</strong></span> <span class='ocrx_word' id='word_1_306' title='bbox 999 3823 1015 3883; x_wconf 95' lang='lat' dir='ltr'>I</span> <span class='ocrx_word' id='word_1_307' title='bbox 1033 3825 1203 3901; x_wconf 84' lang='lat' dir='ltr'><strong>ceterisque</strong></span> 
     </span>
     <span class='ocr_line' id='line_1_33' title="bbox 74 3925 1201 4000; baseline -0.001 -15"><span class='ocrx_word' id='word_1_308' title='bbox 74 3925 289 4000; x_wconf 85' lang='lat' dir='ltr'><strong>deterioribus,</strong></span> <span class='ocrx_word' id='word_1_309' title='bbox 318 3949 387 3987; x_wconf 85' lang='lat' dir='ltr'><strong>nem</strong></span> <span class='ocrx_word' id='word_1_310' title='bbox 415 3929 597 3988; x_wconf 86' lang='lat' dir='ltr'><strong>ooniunotiri</strong></span> <span class='ocrx_word' id='word_1_311' title='bbox 625 3931 772 3988; x_wconf 75' lang='lat' dir='ltr'><strong>rationem</strong></span> <span class='ocrx_word' id='word_1_312' title='bbox 800 3928 912 3988; x_wconf 83' lang='lat' dir='ltr'><strong>nullum</strong></span> <span class='ocrx_word' id='word_1_313' title='bbox 934 3927 1032 3986; x_wconf 86' lang='lat' dir='ltr'><strong>video.</strong></span> <span class='ocrx_word' id='word_1_314' title='bbox 1068 3925 1201 3984; x_wconf 80' lang='lat' dir='ltr'><strong>Eandem</strong></span> 
     </span>
     <span class='ocr_line' id='line_1_34' title="bbox 75 4027 1200 4104; baseline 0.002 -20"><span class='ocrx_word' id='word_1_315' title='bbox 75 4027 199 4090; x_wconf 83' lang='lat' dir='ltr'><strong>formem</strong></span> <span class='ocrx_word' id='word_1_316' title='bbox 222 4032 310 4089; x_wconf 88' lang='lat' dir='ltr'><strong>metri</strong></span> <span class='ocrx_word' id='word_1_317' title='bbox 333 4051 423 4091; x_wconf 77' lang='lat' dir='ltr'><strong>oense</strong></span> <span class='ocrx_word' id='word_1_318' title='bbox 441 4031 626 4091; x_wconf 82' lang='lat' dir='ltr'><strong>commendet</strong></span> <span class='ocrx_word' id='word_1_319' title='bbox 637 4031 746 4092; x_wconf 84' lang='lat' dir='ltr'><strong>Luchs.</strong></span> <span class='ocrx_word' id='word_1_320' title='bbox 759 4033 791 4090; x_wconf 90' lang='lat' dir='ltr'><strong>in</strong></span> <span class='ocrx_word' id='word_1_321' title='bbox 803 4028 935 4090; x_wconf 86' lang='lat' dir='ltr'><strong>Studem.</strong></span> <span class='ocrx_word' id='word_1_322' title='bbox 965 4028 1049 4088; x_wconf 86' lang='lat' dir='ltr'><strong>stud.</strong></span> <span class='ocrx_word' id='word_1_323' title='bbox 1063 4027 1088 4100; x_wconf 89' lang='lat' dir='ltr'><strong>I,</strong></span> <span class='ocrx_word' id='word_1_324' title='bbox 1106 4047 1136 4104; x_wconf 91' lang='lat' dir='ltr'><strong>p.</strong></span> <span class='ocrx_word' id='word_1_325' title='bbox 1152 4028 1200 4086; x_wconf 89' lang='grc'><strong>14.</strong></span> 
     </span>
     <span class='ocr_line' id='line_1_35' title="bbox 78 4128 1200 4210; baseline -0.004 -18"><span class='ocrx_word' id='word_1_326' title='bbox 78 4159 116 4172; x_wconf 85' lang='grc'><strong>-</strong></span> <span class='ocrx_word' id='word_1_327' title='bbox 141 4135 211 4194; x_wconf 87' lang='grc'><strong>192.</strong></span> <span class='ocrx_word' id='word_1_328' title='bbox 239 4133 285 4193; x_wconf 72' lang='lat' dir='ltr'><strong>est</strong></span> <span class='ocrx_word' id='word_1_329' title='bbox 307 4129 392 4210; x_wconf 77' lang='lat' dir='ltr'><strong>quod</strong></span> <span class='ocrx_word' id='word_1_330' title='bbox 415 4134 443 4192; x_wconf 79' lang='lat' dir='ltr'><strong>te</strong></span> <span class='ocrx_word' id='word_1_331' title='bbox 463 4128 541 4206; x_wconf 79' lang='lat' dir='ltr'><strong>volu,</strong></span> <span class='ocrx_word' id='word_1_332' title='bbox 565 4133 601 4192; x_wconf 85' lang='lat' dir='ltr'><strong>of.</strong></span> <span class='ocrx_word' id='word_1_333' title='bbox 624 4135 708 4192; x_wconf 78' lang='lat' dir='ltr'><strong>Asin.</strong></span> <span class='ocrx_word' id='word_1_334' title='bbox 732 4135 802 4192; x_wconf 86' lang='grc'><strong>230.</strong></span> <span class='ocrx_word' id='word_1_335' title='bbox 844 4131 1011 4192; x_wconf 82' lang='lat' dir='ltr'><strong>Comment.</strong></span> <span class='ocrx_word' id='word_1_336' title='bbox 1032 4129 1071 4187; x_wconf 86' lang='lat' dir='ltr'><strong>ud</strong></span> <span class='ocrx_word' id='word_1_337' title='bbox 1093 4128 1200 4206; x_wconf 85' lang='lat' dir='ltr'><strong>Amph.</strong></span> 
     </span>
     <span class='ocr_line' id='line_1_36' title="bbox 81 4231 1201 4312; baseline -0.004 -19"><span class='ocrx_word' id='word_1_338' title='bbox 81 4237 146 4296; x_wconf 82' lang='grc'><strong>167,</strong></span> <span class='ocrx_word' id='word_1_339' title='bbox 165 4233 296 4296; x_wconf 63' lang='lat' dir='ltr'><strong>Versum</strong></span> <span class='ocrx_word' id='word_1_340' title='bbox 317 4235 396 4296; x_wconf 87' lang='lat' dir='ltr'><strong>hune</strong></span> <span class='ocrx_word' id='word_1_341' title='bbox 419 4235 532 4295; x_wconf 86' lang='lat' dir='ltr'><strong>Nonius</strong></span> <span class='ocrx_word' id='word_1_342' title='bbox 561 4255 590 4312; x_wconf 94' lang='lat' dir='ltr'><strong>p.</strong></span> <span class='ocrx_word' id='word_1_343' title='bbox 615 4237 673 4295; x_wconf 85' lang='grc'><strong>529</strong></span> <span class='ocrx_word' id='word_1_344' title='bbox 698 4237 740 4294; x_wconf 85' lang='lat' dir='ltr'><strong>eie</strong></span> <span class='ocrx_word' id='word_1_345' title='bbox 763 4233 861 4294; x_wconf 81' lang='lat' dir='ltr'><strong>effert:</strong></span> <span class='ocrx_word' id='word_1_346' title='bbox 900 4233 964 4306; x_wconf 79' lang='lat' dir='ltr'><strong>„De</strong></span> <span class='ocrx_word' id='word_1_347' title='bbox 986 4231 1060 4291; x_wconf 89' lang='lat' dir='ltr'><strong>mihi</strong></span> <span class='ocrx_word' id='word_1_348' title='bbox 1081 4249 1201 4306; x_wconf 79' lang='lat' dir='ltr'><strong>opernm</strong></span> 
     </span>
     <span class='ocr_line' id='line_1_37' title="bbox 77 4333 1201 4417; baseline -0.003 -23"><span class='ocrx_word' id='word_1_349' title='bbox 77 4356 251 4417; x_wconf 76' lang='lat' dir='ltr'><strong>parumper,</strong></span> <span class='ocrx_word' id='word_1_350' title='bbox 275 4340 300 4398; x_wconf 85' lang='lat' dir='ltr'><strong>si</strong></span> <span class='ocrx_word' id='word_1_351' title='bbox 322 4359 414 4416; x_wconf 78' lang='lat' dir='ltr'><strong>opere</strong></span> <span class='ocrx_word' id='word_1_352' title='bbox 436 4345 496 4410; x_wconf 89' lang='lat' dir='ltr'><strong>eet,</strong></span> <span class='ocrx_word' id='word_1_353' title='bbox 525 4337 646 4410; x_wconf 86' lang='lat' dir='ltr'><strong>Euclio,</strong></span> <span class='ocrx_word' id='word_1_354' title='bbox 669 4337 701 4396; x_wconf 89' lang='lat' dir='ltr'><strong>id</strong></span> <span class='ocrx_word' id='word_1_355' title='bbox 725 4337 805 4414; x_wconf 92' lang='lat' dir='ltr'><strong>quod</strong></span> <span class='ocrx_word' id='word_1_356' title='bbox 826 4341 858 4396; x_wconf 90' lang='lat' dir='ltr'><strong>te</strong></span> <span class='ocrx_word' id='word_1_357' title='bbox 881 4333 982 4407; x_wconf 84' lang='lat' dir='ltr'><strong>uolo“‚</strong></span> <span class='ocrx_word' id='word_1_358' title='bbox 1014 4351 1079 4411; x_wconf 76' lang='lat' dir='ltr'><strong>qun</strong></span> <span class='ocrx_word' id='word_1_359' title='bbox 1104 4334 1130 4391; x_wconf 87' lang='lat' dir='ltr'><strong>si</strong></span> <span class='ocrx_word' id='word_1_360' title='bbox 1153 4333 1201 4391; x_wconf 88' lang='lat' dir='ltr'><strong>oui</strong></span> 
     </span>
     <span class='ocr_line' id='line_1_38' title="bbox 77 4435 1201 4516; baseline -0.003 -20"><span class='ocrx_word' id='word_1_361' title='bbox 77 4441 262 4516; x_wconf 73' lang='lat' dir='ltr'><strong>preferendo</strong></span> <span class='ocrx_word' id='word_1_362' title='bbox 285 4440 434 4513; x_wconf 86' lang='lat' dir='ltr'><strong>ridentur,</strong></span> <span class='ocrx_word' id='word_1_363' title='bbox 458 4441 661 4500; x_wconf 86' lang='lat' dir='ltr'><strong>scribendum:</strong></span> <span class='ocrx_word' id='word_1_364' title='bbox 688 4448 753 4514; x_wconf 82' lang='lat' dir='ltr'><strong>„est</strong></span> <span class='ocrx_word' id='word_1_365' title='bbox 775 4439 856 4516; x_wconf 90' lang='lat' dir='ltr'><strong>quod</strong></span> <span class='ocrx_word' id='word_1_366' title='bbox 873 4445 904 4496; x_wconf 91' lang='lat' dir='ltr'><strong>te</strong></span> <span class='ocrx_word' id='word_1_367' title='bbox 920 4435 1021 4516; x_wconf 58' lang='lat' dir='ltr'><strong>uolo‘f.</strong></span> <span class='ocrx_word' id='word_1_368' title='bbox 1056 4436 1097 4496; x_wconf 87' lang='lat' dir='ltr'><strong>Ut</strong></span> <span class='ocrx_word' id='word_1_369' title='bbox 1112 4436 1201 4495; x_wconf 83' lang='lat' dir='ltr'><strong>Pleu·</strong></span> 
     </span>
    </p>
   </div>
   <div class='ocr_carea' id='block_1_3' title="bbox 0 0 1470 5010">
    <p class='ocr_par' dir='ltr' id='par_1_3' title="bbox 0 0 1470 5010">
     <span class='ocr_line' id='line_1_39' title="bbox 0 0 1470 5010; baseline 0 2"><span class='ocrx_word' id='word_1_370' title='bbox 0 0 1470 5010; x_wconf 95' lang='lat' dir='ltr'><strong> </strong></span> 
     </span>
    </p>
   </div>
  </div>
 </body>
</html>
