2928 5010
89 513 147 581 lta,
160 513 254 567 le-ae
581 513 698 576 (lautini-
772 571 776 580 ,

572 701 699 786 Hegio

88 808 193 876 Secede
213 810 293 891 huc;
317 831 394 877 nam
417 818 495 877 sunt
517 831 603 894 quae
626 831 666 876 ex
687 819 720 876 te
743 811 813 878 solo
836 812 950 878 scitari
970 811 1057 893 uolo,

85 917 215 995 Quarum
236 939 348 984 rerum
370 925 404 985 te
426 918 611 985 falsilocum
633 917 713 984 mihi
735 941 809 986 esse
830 919 917 986 nolo.

503 1059 766 1128 Philocrates

963 1169 1037 1236 Non
1060 1191 1124 1250 ero,

82 1275 167 1353 Quod
189 1279 308 1358 sciam3
333 1277 361 1342 si
384 1277 463 1362 quid
485 1277 631 1358 nescibo,
655 1278 689 1343 id
710 1279 859 1347 nescium
881 1279 1012 1345 tradam
1034 1278 1105 1345 tibi.

532 1408 743 1494 Tyndarus

80 1514 166 1588 Nunc
188 1538 287 1582 senex
311 1523 363 1583 est
384 1517 418 1582 in
442 1517 622 1598 tonstrina3
645 1516 701 1582 hic
723 1517 789 1584 iam
806 1517 930 1584 cultros
948 1517 1084 1585 adtinet.
1146 1536 1197 1589 265

81 1622 123 1688 Ne
139 1625 171 1689 id
188 1626 320 1708 quidem
336 1625 498 1691 inuolucri
516 1625 636 1690 inicere
653 1626 768 1705 uoluit,
791 1631 920 1691 uestem
938 1633 1027 1692 utne
1038 1627 1196 1712 inquinet.

80 1729 138 1796 Sed
149 1740 256 1798 utrum
267 1735 449 1800 strictimne
462 1733 677 1799 adtonsurum
689 1734 796 1800 dicam
813 1755 883 1800 esee
896 1755 939 1799 au
953 1756 1012 1818 per
1023 1735 1196 1819 pectinem,

79 1840 202 1922 Nesci03
225 1863 342 1907 uerum
365 1843 393 1908 si
414 1841 542 1926 frugist‚
564 1862 667 1924 usque
690 1841 902 1908 admutilabit
923 1841 1035 1926 probe.

571 1973 697 2058 Hegio

78 2079 159 2158 Quid
182 2083 240 2146 tu?
264 2101 419 2148 seruosne
442 2102 514 2147 csse
537 2102 579 2148 an
602 2081 686 2148 liber
708 2081 854 2162 manalis,
876 2102 1020 2148 memora
1043 2081 1131 2146 mihi.

500 2211 765 2279 Philocrates

76 2317 269 2386 Proxumum
292 2320 379 2403 quod
403 2321 446 2386 sit
468 2321 554 2388 bono
578 2321 730 2404 quodque
754 2319 882 2386 amalo
905 2321 1112 2404 longissume,
1145 2337 1196 2389 aro

74 2425 110 2490 ld
132 2428 214 2508 uolo,
238 2449 438 2514 quamquam
461 2450 527 2494 non
548 2427 688 2496 multum
710 2428 773 2494 fuit
795 2427 935 2494 molesta
957 2429 1099 2495 seruitus

73 2533 139 2600 Neo
161 2537 237 2602 mihi
261 2558 357 2604 secus
380 2543 462 2618 erat,
486 2559 584 2620 quam
607 2539 634 2604 si
657 2559 764 2604 essem
785 2537 958 2604 familiaris
980 2537 1078 2602 filius.

526 2668 552 2732 T
586 2668 738 2734 ndarus

73 2772 242 2872 Eugepae!
277 2775 413 2843 Thalem
434 2691 649 2844 talentoynon
671 2797 778 2842 emam
799 2775 978 2857 Milesium3

72 2880 154 2946 Nam
178 2884 219 2950 ad
243 2886 438 2968 sapientiam
459 2885 555 2951 huius
577 2885 630 2951 illc
651 2886 770 2950 nimius
792 2891 933 2968 nugator
954 2881 1025 2950 fuit.

74 2989 118 3054 Ut
139 2991 243 3059 facete
266 2993 450 3059 orationem
472 2993 515 3058 ad
537 2995 728 3059 seruitutem
752 2991 905 3058 contulit!
1146 3008 1196 3060 275

571 3123 701 3207 Hegio

72 3227 143 3305 Quo
169 3231 208 3296 de
230 3253 349 3316 genere
371 3237 486 3298 natust
507 3231 575 3297 illic
597 3231 825 3297 Philocrates?

501 3361 765 3428 Philocrates

858 3469 1054 3556 Polyplusio

68 3578 166 3658 Quod
187 3601 292 3664 genus
314 3578 396 3646 illist
417 3599 519 3644 unum
542 3577 667 3662 pollens
690 3585 788 3660 atque
811 3577 1114 3644 honoratissumurn.

570 3708 626 3774 Hc
659 3709 695 3775 io

71 3817 160 3895 Quid
181 3821 273 3905 ipsus
296 3818 371 3884 hic?
394 3839 460 3902 quo
482 3731 749 3884 honorestgillicl

500 3947 765 4014 Philocrates

601 4055 733 4122 Summo
757 4062 856 4138 atque
879 4055 921 4121 ab
945 4056 1081 4122 summis
1104 4056 1194 4120 uiris.

140 4311 189 4365 266
206 4311 329 4367 tortrina
397 4313 547 4366 nunciam
616 4311 666 4364 266
684 4311 829 4365 inuoluere
907 4311 957 4364 266
975 4309 1110 4364 admutila
1126 4309 1197 4362 labit

63 4397 120 4450 273
139 4393 217 4468 Euge
239 4397 334 4467 patale
351 4396 476 4451 taulanto
545 4397 597 4450 274
614 4395 661 4452 illa
679 4411 728 4450 om.
796 4399 845 4449 277
865 4396 983 4451 illiceat

960 4501 989 4552 ll
