2922 5006
253 519 316 581 270
742 515 893 570 Aulularia

252 709 403 769 Euclionis
421 709 512 768 filiam
532 715 750 788 compresserat
772 729 895 788 eamque
918 711 1086 769 etiamnunc
1110 715 1190 768 amat
1207 714 1239 768 et
1257 729 1375 768 uxorem

253 814 343 889 cupit.
401 813 512 886 Quare,
542 812 621 889 quod
652 813 798 873 avunculo
827 811 1004 891 desponsam
1032 815 1161 888 accepit,
1190 811 1378 870 vehementer

252 919 416 974 commotus
443 916 533 972 matri
561 934 676 974 omnem
704 935 766 974 rem
789 916 887 992 aperit
909 935 1002 992 eaque
1024 920 1151 989 rogante
1174 935 1192 973 a
1215 913 1377 989 Megadoro

251 1019 402 1094 impetrat,
425 1021 460 1074 ut
481 1016 540 1076 sibi
557 1015 709 1076 Euclionis
732 1015 824 1076 filiam
848 1017 942 1090 cedat,
967 1018 1049 1076 cuius
1072 1019 1260 1093 pertusiam
1284 1017 1375 1076 adest.

252 1118 426 1177 Euclionem
450 1122 549 1176 autom
573 1117 747 1196 aggreditur
769 1139 895 1196 rogans,
924 1125 961 1178 ut
983 1119 1040 1178 sibi
1062 1119 1154 1178 filiam
1177 1118 1243 1192 det,
1277 1121 1325 1178 cui
1346 1138 1378 1176 se

252 1223 358 1280 vitium
381 1221 524 1280 obtulisse
547 1220 668 1280 latetur.
713 1217 901 1281 Miserrimus
928 1227 1016 1300 pater
1044 1221 1163 1281 domum
1185 1222 1302 1298 pergit,
1334 1226 1377 1292 ut,

252 1321 324 1400 quid
357 1323 413 1382 hoc
440 1323 510 1382 novi
539 1323 611 1382 mali
644 1326 691 1397 sit,
726 1325 872 1402 exploret.
923 1325 1042 1383 Interea
1075 1323 1225 1383 Strobilos
1258 1323 1378 1381 advenit

251 1425 383 1502 heroque
411 1443 465 1482 suo
488 1444 519 1482 se
542 1445 647 1484 aurum
670 1429 818 1503 reperisse
841 1433 944 1486 narrat
966 1433 1005 1500 et,
1028 1431 1063 1485 ut
1085 1426 1141 1486 hoo
1164 1427 1264 1503 pretio
1288 1425 1375 1484 liber·

252 1533 316 1586 tate
339 1527 474 1600 donetur,
497 1527 640 1605 postulat.
690 1528 858 1604 Lyconides
886 1529 975 1589 ollem
1003 1529 1140 1588 Euclioni
1170 1529 1319 1600 restitnit;
1354 1530 1378 1586 is

253 1635 352 1689 autem
374 1629 454 1688 felici
476 1648 575 1688 rerum
599 1633 727 1690 omnium
758 1639 868 1691 eventu
897 1631 984 1690 latus
1007 1639 1037 1690 et
1058 1630 1150 1690 filiam
1173 1633 1201 1689 ei
1223 1634 1255 1689 in
1276 1631 1376 1689 matri·

251 1734 381 1791 monium
404 1733 458 1790 dat
481 1738 511 1790 01
532 1715 715 1806 thesaurum,
737 1753 773 1792 ex
796 1752 863 1810 quo,
887 1734 956 1792 dam
980 1733 1117 1806 habebat,
1140 1735 1209 1811 plus
1232 1734 1375 1792 molestia

252 1841 282 1892 et
309 1836 425 1892 timoris
449 1853 538 1912 quam
565 1836 730 1913 voluptatis
758 1842 930 1914 acceperat,
965 1837 1043 1895 dotis
1071 1837 1190 1895 nomine
1220 1835 1313 1894 addit.
1337 1865 1378 1876 -

251 1937 393 1997 Extrema
414 1937 522 1996 fabulae
544 1957 613 2014 pers
636 1939 736 2010 deest,
763 1939 816 1997 sed
840 1959 876 1997 ex
898 1939 1090 2016 Argumentis
1112 1957 1227 1998 summa
1256 1939 1299 1995 rei
1328 1957 1374 1996 co·

251 2045 413 2116 gnoscitur.
995 2043 998 2050 ’

336 2143 495 2222 Egregiam
513 2143 589 2202 banc
606 2143 738 2202 fabulam
757 2144 823 2219 0010
841 2143 960 2202 Graecus
982 2150 1072 2222 poeta
1093 2145 1207 2222 primus
1230 2143 1375 2202 invenerit

251 2253 281 2306 et
303 2249 465 2324 scripserit,
484 2247 648 2320 ignoratur,
672 2265 740 2303 nam
760 2247 810 2322 001
829 2251 954 2324 propter
969 2265 997 2305 v.
1018 2247 1078 2306 302
1096 2245 1292 2323 Posidippum
1309 2265 1374 2303 auc·

250 2355 350 2412 torem
362 2347 525 2420 nominant,
548 2349 637 2406 nimis
660 2348 719 2406 levi
742 2353 917 2424 argumento
939 2353 1076 2422 utuntur,
1099 2367 1127 2407 v.
1146 2348 1185 2406 ad
1204 2351 1275 2408 272.
1315 2347 1375 2406 Nec
1448 2421 1449 2424 Ἴ

250 2453 344 2526 magis
378 2471 436 2528 qno
463 2457 598 2527 tempore
628 2469 692 2510 eam
721 2449 846 2510 Plautus
875 2449 977 2510 Romae
1006 2451 1155 2525 docuerit,
1190 2457 1292 2510 notum
1322 2457 1372 2509 est.

250 2554 313 2612 Hoc
337 2553 455 2631 quidem
479 2553 601 2610 fuerunt
630 2553 681 2630 qui
712 2554 882 2612 coniectura
909 2574 939 2612 se
967 2556 1086 2630 assequi
1115 2573 1204 2630 posse
1226 2559 1371 2631 putarent,

249 2662 284 2714 01
313 2655 501 2729 Ladewigius
535 2658 566 2712 in
594 2653 765 2714 zeitschrift
798 2657 847 2714 fiir
874 2657 1265 2715 Altertbumswissenschait
1295 2657 1367 2714 1841

249 2779 278 2836 p.
306 2759 385 2818 1085
414 2777 476 2834 sq.,
512 2755 678 2834 Wagnerus
706 2759 736 2816 10
766 2757 811 2817 ed.
842 2759 909 2816 sul.
938 2779 968 2836 p.
1002 2757 1076 2832 129,
1101 2759 1167 2831 alii,
1199 2763 1267 2835 qui,
1294 2755 1370 2834 quod

249 2858 429 2934 Megadorus
456 2877 485 2918 v.
511 2861 572 2918 479
596 2879 660 2938 sqq.
684 2867 746 2919 tam
775 2861 966 2920 vehementer
999 2861 1035 2918 de
1069 2861 1228 2919 mulierum
1259 2861 1369 2918 luxuria

250 2969 403 3040 queratur,
427 2961 483 3021 hoc
502 2963 567 3036 lege
586 2962 683 3040 Oppia
699 2971 838 3023 manente
855 2963 919 3022 fieri
936 2983 997 3022 non
1019 2965 1153 3041 potuisse
1177 2963 1368 3030 contendunt,

249 3085 317 3124 nam
340 3066 483 3141 abrogata
506 3065 622 3124 demum
646 3066 727 3140 legs,
762 3087 828 3144 qum
856 3067 1013 3126 mulierum
1042 3067 1191 3124 luxuriam
1215 3065 1367 3132 cohiberet,

249 3168 329 3248 quod
351 3189 428 3227 anno
451 3187 477 3228 a.
497 3167 564 3226 Chr.
584 3191 612 3227 n.
634 3171 692 3228 195
716 3168 826 3228 factum
849 3189 913 3228 esse
935 3189 971 3228 ex
994 3165 1079 3227 Livio
1104 3165 1255 3242 (XXXIV,
1282 3161 1369 3235 1-8)

248 3273 395 3344 novimus,
421 3291 486 3329 eam
503 3272 633 3330 civitatis
650 3270 855 3332 condicionem
874 3292 938 3332 esse
955 3273 1073 3344 iactam,
1094 3291 1160 3349 quae
1177 3271 1223 3329 his
1241 3268 1368 3329 versibus

250 3373 447 3432 describatur.
503 3373 614 3432 Verum
643 3393 703 3433 non
726 3375 872 3453 abrogata
893 3375 942 3433 lex
965 3393 1054 3433 causa
1075 3375 1201 3433 luxurie
1224 3373 1292 3446 fuit,
1320 3367 1366 3427 ssd

248 3478 319 3552 quia
352 3475 511 3554 cupiditati
544 3475 723 3536 feminarum
760 3477 909 3536 moderari
942 3497 995 3536 nec
1027 3481 1167 3555 poterant
1199 3495 1254 3534 nec
1286 3473 1360 3532 vols·

249 3577 332 3648 bant,
373 3577 440 3636 ideo
474 3578 568 3656 legem
598 3578 790 3653 abrogarunt.
840 3579 952 3639 Eorum
980 3581 1087 3654 001000,
1123 3597 1189 3656 quae
1223 3578 1278 3636 hoc
1307 3575 1367 3633 loeo

249 3679 399 3752 ridentur,
434 3679 578 3759 pleraque
601 3682 647 3738 vel
671 3701 706 3739 ex
728 3681 831 3742 Graeco
859 3683 941 3742 fonte
969 3683 1059 3742 ducta
1086 3687 1163 3754 sunt,
1195 3701 1229 3740 ac
1251 3675 1361 3739 Romani

250 3789 433 3860 spectatores
456 3785 480 3841 si
504 3803 563 3842 non
588 3803 664 3857 suos,
690 3790 721 3843 at
742 3785 1101 3845 Atheniensium-nam
1124 3784 1253 3843 Athenis
1275 3781 1363 3856 agitur

247 3885 510 3945 fabula—mores
533 3886 632 3944 ridere
654 3893 825 3966 potuerunt,
849 3890 897 3947 vel
920 3891 1011 3946 etiam
1034 3891 1174 3946 menenio
1193 3885 1287 3964 Oppia
1304 3883 1360 3956 lege

248 3989 350 4048 Romus
378 3989 505 4048 inveniri
535 3995 698 4068 potuerunt
725 3993 750 4049 ei
778 3991 948 4064 scutalia,
978 3991 1079 4066 qualia
1101 3991 1149 4048 hic
1171 3989 1359 4065 proferuntur,

248 4097 280 4150 at
302 4111 368 4169 quae
392 4093 511 4150 comicae
533 4095 757 4170 exaggerationi
779 4094 877 4153 locum
900 4094 1016 4152 darent.
1061 4091 1123 4150 Nec
1152 4098 1251 4152 tamen
1276 4103 1357 4162 nege·

161 4217 163 4223 ·
247 4196 340 4253 verim
363 4194 436 4252 mihi
459 4212 579 4271 quoque
601 4199 635 4253 nt
660 4197 727 4255 aliis
749 4197 788 4270 (v.
807 4195 973 4254 Francken.
993 4195 1039 4254 ed.
1060 4195 1128 4253 Aul.
1146 4215 1176 4272 p.
1194 4190 1272 4265 ΧΠ)
1292 4190 1357 4247 bunc

248 4297 378 4356 fabulam
403 4299 482 4356 inter
503 4299 685 4375 posteriores
707 4297 807 4358 Plauti
831 4299 1043 4358 numerandam
1068 4317 1131 4356 ease
1154 4295 1258 4356 videri.
