2932 5010
542 491 736 548 v.cce-esi.
1135 499 1197 562 349

82 686 190 747 scribet.
212 715 256 727 -
285 686 355 744 676.
390 679 534 760 Resecro,
562 689 583 747 i.
607 707 632 748 s.
654 689 764 746 iterum
793 685 931 760 obsecro,
965 688 1001 748 cf.
1032 688 1112 749 Pers.
1137 691 1194 748 ts:

86 789 215 862 ,obsecro
242 808 418 866 resecroque
441 785 502 848 ts“.
558 787 769 866 Explioarerat
798 790 875 850 hunc
903 790 999 849 locum
1030 790 1137 850 Festus
1166 809 1196 867 p.

83 894 151 966 988,
174 892 227 950 sed
248 896 358 969 preter
384 911 494 969 peuces
522 892 638 950 litteras
666 897 765 951 cetero
791 894 955 970 perierunt.
1010 892 1045 950 In
1067 893 1198 968 epitome

82 995 138 1053 hoc
160 1014 224 1054 cum
248 993 307 1053 elie
329 992 459 1054 eiusdem
482 993 566 1052 verbi
584 993 799 1082 signiticetione
815 999 993 1070 iunguntur:
1020 993 1198 1066 „Bessorere

82 1103 124 1155 est
145 1097 286 1172 religione
308 1098 423 1156 solvere
446 1094 538 1172 stc.“;
562 1115 696 1176 quaeres
719 1100 750 1158 in
773 1097 908 1158 fraudem
930 1103 960 1158 et
983 1101 1058 1160 elios
1081 1101 1198 1161 induxit

25 1183 27 1191 ’
80 1205 107 1259 st
127 1199 271 1259 Pithoeum
290 1197 427 1272 (Adsere.
445 1199 469 1272 1,
496 1196 568 1274 10).
616 1197 817 1275 „Obsecrars“
842 1203 942 1280 inquit
967 1209 1030 1276 „est
1052 1204 1198 1279 religione

81 1302 268 1362 iurisiurandi
291 1303 417 1362 solvere.
481 1301 658 1362 Obtcstotus
691 1309 756 1362 erat
788 1309 913 1364 matrem
947 1305 1127 1382 Lyconides,
1160 1325 1198 1366 ns

81 1425 185 1478 eorum,
209 1423 276 1481 quas
298 1406 357 1481 ipsi
379 1404 416 1463 de
433 1405 588 1464 Euclionis
604 1403 667 1464 filie
684 1405 844 1483 aliquando
861 1407 988 1482 dixerat,
1013 1409 1091 1486 apud
1108 1429 1198 1468 avun-

80 1507 171 1566 culum
193 1508 373 1566 mentionem
394 1506 523 1580 faceret3
553 1528 630 1566 nuuc
654 1507 867 1568 obsecrationis
889 1511 1035 1586 religione
1059 1531 1122 1570 eam
1147 1513 1198 1570 ab·

80 1611 163 1668 solvit
185 1615 339 1686 rogetque,
362 1614 397 1668 ut
419 1630 484 1669 oum
508 1609 653 1668 avunculo
676 1610 713 1669 ds
737 1614 832 1671 amics
854 1613 1070 1690 colloquetur“.
1104 1615 1198 1673 Immo

79 1731 150 1770 nunc
171 1714 312 1788 primum
323 1710 402 1770 filius
424 1733 490 1772 cum
509 1717 604 1771 matrs
623 1711 700 1773 hunc
716 1734 778 1774 rem
797 1717 1033 1787 communicavit,
1057 1718 1199 1792 quoniam

80 1833 121 1872 res
139 1814 271 1892 cogebat,
294 1819 329 1872 ut
351 1834 416 1872 curn
439 1813 601 1890 Megadoro
623 1821 772 1892 ageretur.
818 1813 935 1878 dudum
958 1824 1057 1876 eutem
1079 1823 1199 1878 constet

79 1917 153 1993 apud
181 1917 322 1975 Plautum
350 1936 409 1974 non
437 1917 508 1975 olim
537 1915 718 1994 significare,
753 1919 805 1978 ssd
834 1939 944 1998 nuper,
977 1939 1006 1978 v.
1030 1921 1067 1978 sd
1090 1921 1197 1996 Amph.

81 2021 145 2078 654.
180 2017 258 2077 Cseu
274 2018 352 2076 hunc
371 2024 402 2076 et
419 2020 586 2094 proximum
599 2040 717 2080 versum
730 2021 761 2080 in
773 2021 925 2086 codicibus
936 2027 1122 2101 permutatos
1135 2041 1198 2082 esse

79 2119 200 2180 Bothius
229 2119 385 2180 intellexit.
409 2151 453 2161 -
475 2122 546 2180 677.
580 2120 634 2200 fac
654 2120 840 2183 mentionem
863 2139 940 2198 orm,
964 2125 999 2184 cf.
1024 2124 1095 2184 Cist.
1123 2126 1198 2184 131:

81 2243 170 2300 „quse
187 2242 279 2300 saepe
290 2241 405 2280 mecum
417 2225 597 2282 mentionem
617 2221 760 2286 feceret“.
796 2225 878 2286 Pers.
894 2229 964 2288 110.
981 2257 1024 2268 -
1046 2221 1199 2287 auunculo

79 2325 199 2384 alteram
223 2325 378 2402 syllsbsm,
404 2345 493 2401 quom
511 2345 539 2384 v.
560 2328 598 2385 35
621 2326 739 2404 lougem
762 2328 863 2402 habet,
886 2329 935 2388 hic
957 2333 988 2388 et
1005 2330 1065 2390 771
1087 2335 1117 2388 et
1136 2331 1197 2389 792

80 2431 209 2506 corripit,
235 2447 262 2486 v.
275 2425 405 2500 Miner,
428 2427 472 2486 Pl.
485 2426 609 2488 Prosod.
621 2449 652 2507 p.
666 2431 726 2489 232
748 2451 808 2508 sq.;
830 2431 867 2490 de
885 2430 946 2491 775
966 2451 1015 2490 res
1031 2431 1122 2490 dubie
1141 2435 1198 2490 est.

78 2528 193 2590 Brixius
223 2531 334 2607 aliique
363 2529 438 2588 duce
465 2532 577 2608 primus
605 2532 823 2592 contrahendas
852 2540 1038 2594 censusrunt.
1060 2563 1104 2574 -
1127 2534 1198 2592 678.

78 2627 151 2692 cede
172 2648 222 2693 me
245 2647 322 2710 quae
344 2633 415 2691 olim
438 2631 635 2692 emendatum.
650 2663 693 2674 —
706 2637 776 2695 679.
800 2651 820 2695 a
837 2635 1018 2695 addiderunt
1035 2635 1101 2695 edd.
1122 2639 1197 2694 sntt.

78 2729 296 2812 irtpetruesere,
320 2736 375 2794 fut.
399 2735 461 2808 int,
485 2740 520 2793 ut
549 2734 634 2812 capt.
661 2739 735 2796 168:
769 2733 1033 2799 reconcilioeeere.
1058 2768 1100 2779 -
1127 2739 1198 2796 682.

81 2837 107 2895 te
127 2835 308 2898 aduersum.
353 2837 467 2896 Nonius
484 2857 513 2914 p.
533 2839 609 2897 232:
637 2839 823 2913 „Advorsum
920 2840 1001 2919 opud
1023 2835 1199 2916 significat“,

77 2941 153 2998 inter
181 2942 243 3000 sliu
264 2940 342 2999 hunc
364 2959 483 3017 quoque
505 2959 624 2999 versum
647 2940 789 3014 efferens3
823 2942 891 3002 edd.
915 2943 1006 3002 Poen.
1032 2943 1108 3000 397:
1145 2961 1201 3014 „ne

78 3044 201 3102 mendax
224 3063 271 3102 me
293 3041 453 3102 uduorsurn
475 3039 562 3102 siet“.
608 3043 674 3101 Ter.
698 3044 791 3103 Andr.
816 3046 893 3103 265:
926 3044 982 3118 „de
1004 3043 1056 3102 ill-c
1079 3063 1126 3100 me
1149 3041 1200 3100 sd·

78 3165 196 3220 uersum
219 3145 298 3204 hunc
320 3141 434 3222 loqni“.

160 3249 234 3306 683.
278 3246 453 3325 Opportune
486 3246 607 3306 auditur
640 3267 699 3306 vox
730 3248 847 3326 puella
872 3249 1069 3325 parturientis
1092 3248 1199 3306 intus.

77 3350 197 3410 uterum
219 3354 328 3408 neutro
351 3369 459 3426 genere
481 3349 595 3408 Nonius
616 3369 646 3426 p.
672 3351 731 3408 229
757 3370 792 3408 ex
814 3349 843 3410 h.
866 3351 887 3410 1.
912 3355 942 3408 et
964 3369 1001 3408 ex
1023 3349 1147 3408 Afranio
1171 3353 1202 3407 et

78 3451 210 3530 Turpilio
234 3450 328 3510 effert.
355 3481 398 3492 -
429 3453 500 3511 684.
534 3446 688 3511 Iunonem
709 3445 865 3512 Monam
887 3451 1028 3511 Romanus
1051 3451 1214 3522 mulieres,¹

77 3560 109 3612 ut
130 3554 242 3614 Graecae
264 3553 424 3612 Εἰλείθνιαν
445 3554 641 3628 invocabunt,
669 3575 697 3613 v.
727 3555 794 3614 Ter.
817 3554 911 3614 Andr.
936 3556 1008 3613 473.
1048 3552 1105 3612 Ad.
1129 3555 1202 3614 487.

79 3656 134 3716 Cic.
157 3657 333 3716 Nat-deor.
356 3657 400 3731 11,
431 3659 481 3730 27,
507 3658 556 3716 68.
579 3687 622 3695 -
650 3655 735 3716 tuam
756 3653 867 3734 fidem,
897 3656 933 3716 cf.
957 3656 1043 3716 Cure.
1070 3658 1139 3716 196.
1163 3655 1201 3714 sl.

78 3788 118 3799 -
139 3761 212 3819 685.
235 3773 302 3818 rem
320 3756 485 3836 potiorem,
513 3757 640 3832 ,verbis‘
673 3758 799 3818 audiunt
821 3761 1008 3837 interpretes,
1039 3759 1128 3816 nimis
1151 3757 1203 3816 ob·

79 3880 168 3920 scure.
211 3860 333 3939 Scripsi,
352 3861 431 3938 quod
448 3881 549 3920 sensus
565 3862 717 3939 postulare
733 3861 901 3935 videbatur,
921 3861 1041 3936 potere,
1067 3861 1104 3920 cf.
1118 3859 1202 3937 Cspt.

81 3965 147 4023 519.
167 3995 211 4006 —-
229 3966 300 4024 686.
324 3957 369 4022 Ee·
384 3964 418 4037 Β,
437 3965 456 4022 i.
470 3984 495 4022 c.
508 3965 532 4037 1,
551 3983 580 4023 v.
593 3963 631 4022 ed
645 3966 728 4024 Asin.
747 3965 819 4023 489.
839 3993 882 4005 -
900 3967 972 4022 687.
997 3957 1133 4038 efficiam
1147 3955 1205 4039 titt

78 4083 130 4141 pro
152 4067 328 4142 glossemate
356 4064 516 4124 delendum
539 4085 602 4124 esse
630 4066 705 4124 vidit
728 4065 899 4144 Scioppius,
934 4065 970 4124 oi.
995 4067 1085 4122 etiem
1109 4062 1202 4122 Goetz.

79 4167 141 4226 Act.
153 4168 237 4247 Lips.
248 4167 297 4241 VI,
309 4189 339 4246 p.
353 4169 425 4227 236.
438 4197 481 4208 -
494 4169 564 4228 688.
587 4162 616 4242 Ι,
633 4164 697 4228 iam
710 4167 777 4228 edd.
792 4175 867 4228 ontt.
879 4197 922 4208 -—
941 4168 1012 4226 689.
1036 4162 1202 4237 insumam,

79 4286 105 4326 v.
119 4269 156 4328 ed
173 4270 282 4347 Amph.
296 4271 367 4330 379.
387 4299 430 4310 --
453 4272 524 4330 690.
547 4270 606 4329 Pro
624 4263 720 4330 Nunc
736 4269 873 4346 Seyffert.
892 4269 976 4328 Stud.
992 4288 1021 4345 p.
1036 4270 1053 4326 8
1069 4262 1201 4342 ,Quom“

80 4375 251 4450 proposuit;
281 4373 318 4432 cf.
341 4378 441 4432 tamen
464 4371 568 4431 Bacch.
595 4374 665 4432 526.
690 4401 727 4412 -·
754 4375 824 4432 691.
848 4367 1046 4444 iniuriosum,
1071 4369 1108 4429 of.
1132 4368 1203 4429 cist.
